2360 3051
1052 268 1343 310 ...32-

269 383 493 437 simplicem
533 381 866 434 comparationem
901 380 946 419 Il.
978 384 1047 429 23,
1077 381 1175 429 366,
1208 376 1318 429 (ὅςτε
1347 377 1471 435 νέφος
1502 379 1548 426 ἠὲ
1571 376 1762 431 Bistua)
1793 392 1833 422 et
1859 381 1912 423 ad
1939 384 2120 436 similim-

270 454 404 493 ffiuem
432 452 475 491 11.
507 452 547 499 5,
577 452 662 493 522
688 451 877 491 adhibuit„
938 453 999 493 cf.
1038 452 1084 492 11.
1127 452 1195 498 16,
1221 454 1317 495 297.
1374 452 1432 492 ιιι
1450 499 1452 503 Α
1471 451 1565 492 inde
1592 440 1617 493 ‘a
1648 453 1796 494 mim
1829 457 2119 509 compat-aon

268 540 393 578 usque
435 524 486 561 ad
522 534 819 562 evanescentem
842 524 925 562 fere
963 525 1233 579 metaphoram
1278 538 1354 578 per
1401 523 1543 578 gradus
1584 522 1776 578 quosdam
1815 526 1926 579 quasi
1964 525 2121 567 ductam

270 595 437 634 eandem
467 597 669 634 notionem
697 609 776 634 uno
808 596 850 633 in
880 607 1097 649 conspectu
1126 595 1312 634 videmus.
1371 595 1417 633 In
1433 605 1596 650 cognata
1613 606 1741 634 autem
1761 596 1931 650 imagine
1960 599 2120 638 noctis

267 666 369 704 ultra
400 665 623 719 simplicem
656 667 990 718 comparationem
1023 677 1063 704 et
1098 667 1367 719 metaphoram
1404 681 1495 704 usus
1526 680 1607 705 non
1637 677 1697 705 est
1724 681 1976 721 progressn33
2013 682 2122 707 com·

266 737 464 789 parationi
493 737 655 774 inservit
682 736 729 773 11.
761 735 791 780 1,
828 733 905 782 473
950 736 1014 781 12,
1044 734 1149 784 493,
1190 736 1266 775 Od.
1299 740 1364 784 11,
1405 735 1503 783 606,
1542 736 1795 790 metaphorae
1837 751 1929 777 vero
1972 737 2019 777 Il.
2055 738 2120 785 13,

266 805 352 847 425
382 808 422 844 in
450 807 647 845 locutione
677 802 826 860 ἐρεμνῇ
854 803 975 843 νυκτὶ
1010 805 1218 855 καλύψαι.
1274 806 1363 845 Non
1377 806 1539 844 multum
1555 806 1684 844 differt
1710 821 1800 844 usus
1829 823 1865 846 v.
1893 807 2078 860 fulguri
2090 823 2120 855 5,

266 876 378 931 quod
405 888 443 916 et
483 876 533 916 ad
570 876 715 915 nudam
749 877 1080 930 comparationem
1117 878 1340 931 simplicem
1369 878 1414 920 11.
1460 881 1523 925 10,
1553 877 1633 918 154
1669 889 1707 917 et
1742 877 1793 916 ad
1827 877 2122 932 explicatiorem

264 948 309 984 Il.
345 949 422 992 13,
454 943 538 985 242
580 946 796 984 adhibitum
833 947 1036 985 invenitur.
1114 947 1173 986 Cf.
1206 948 1250 989 Il.
1295 951 1360 997 10,
1388 949 1427 996 5,
1458 949 1525 987 ubi
1555 947 1847 988 similitudinem
1877 963 1898 987 a
1924 948 2123 1000 frequenti

263 1017 526 1070 fulguratione
576 1018 738 1069 petitam
781 1018 916 1054 habes.
977 1018 1157 1070 Vulgaris
1197 1019 1376 1056 eiusdem
1415 1022 1584 1058 notionis
1623 1021 1854 1072 metaphora
1892 1030 1950 1059 est
1983 1019 2026 1055 Il.
2056 1022 2120 1064 11,

262 1086 341 1137 843
375 1085 440 1135 19,
470 1087 566 1133 363,
599 1086 695 1140 (quo
726 1085 861 1126 ultimo
889 1086 977 1126 loco
1009 1087 1131 1127 altera
1160 1088 1343 1128 audacior
1370 1092 1598 1142 metaphora
1627 1093 1668 1128 in
1697 1107 1731 1128 v.
1759 1090 1887 1140 γελᾶν
1921 1091 2123 1136 accessit);

264 1156 344 1196 Od.
375 1155 416 1204 4,
454 1159 531 1207 723
565 1155 629 1204 14,
657 1155 753 1199 268.

381 1230 414 1265 E
445 1230 519 1266 vita
555 1229 722 1266 humana
762 1229 858 1267 haec
900 1230 1077 1283 exempla
1119 1243 1273 1285 praesto
1301 1243 1407 1271 sunt:
1448 1234 1621 1271 Turris
1653 1233 1693 1270 in
1720 1230 1889 1286 simplici
1921 1245 2122 1285 compara.-

266 1301 374 1339 tione
406 1302 577 1339 occurrit
593 1300 635 1338 Il.
657 1299 754 1346 462,
785 1302 851 1340 ubi
871 1302 922 1339 de
938 1304 1222 1355 procumbente
1236 1303 1357 1341 heroe
1391 1314 1466 1341 est:
1497 1298 1614 1355 ἤριπε
1633 1298 1687 1353 δ’,
1713 1301 1763 1346 ὡς
1788 1297 1861 1340 ὅτε
1889 1300 2051 1356 πύργος,
2085 1312 2124 1340 et

261 1372 306 1410 ΙΙ.
340 1375 377 1418 7,
410 1372 492 1413 219
523 1373 591 1410 ubi
622 1373 721 1411 Aiax
750 1373 900 1413 incedit
933 1370 1071 1428 φέρων
1102 1373 1232 1419 σάκος
1260 1370 1360 1419 ἠΰτε
1378 1374 1545 1427 πύργον.
1606 1373 1809 1412 Translata
1832 1384 1962 1412 autem
1984 1372 2125 1411 eadem

260 1445 387 1497 imago
416 1453 475 1482 est
503 1443 554 1482 ad
587 1443 760 1484 eundem
789 1445 970 1492 Aiacem,
1007 1447 1114 1485 cuius
1144 1457 1294 1485 scutum
1334 1445 1453 1484 modo
1486 1460 1574 1484 cum
1603 1445 1700 1483 turri
1731 1443 2124 1498 comparatum‚vidi-

260 1529 370 1560 mus,
395 1514 475 1553 od.
518 1518 583 1561 11,
616 1516 713 1560 555,
746 1517 816 1553 ubi
855 1517 1016 1569 Ulysses
1047 1519 1087 1554 in
1124 1531 1216 1555 orco
1256 1518 1414 1556 Aiacem
1443 1519 1495 1555 ita
1524 1515 1747 1568 compellat:
1776 1514 1894 1560 τοῖος
1922 1513 2002 1568 γάρ
2032 1521 2120 1569 σφι

262 1584 418 1636 πύργος
447 1582 627 1624 ἀπώλεο.
674 1584 739 1621 Ad
769 1586 978 1623 metalla
1010 1587 1084 1623 iam
1104 1597 1347 1624 transeuntes
1388 1587 1664 1624 adiectivorum
1686 1583 1881 1638 χάλκεος,
1912 1584 2121 1638 ἀργύρεος,

260 1652 458 1707 χρύσεος,
491 1649 685 1706 σιδήρεος
716 1653 974 1706 multiplicem
1006 1655 1170 1708 quidem
1200 1657 1513 1709 metaphoricum
1539 1671 1650 1693 usum
1672 1655 1914 1701 offendimus,
1943 1656 2122 1693 substan-

261 1726 430 1764 tivorum
460 1735 590 1761 autem
627 1734 665 1762 et
693 1725 964 1777 metaphorice
996 1736 1034 1763 et
1067 1727 1327 1778 comparativo
1367 1739 1438 1763 usu
1475 1726 1666 1763 Homerus
1696 1725 1928 1762 abstinuisse
1964 1723 2120 1762 videtur

260 1805 422 1849 praeter
450 1808 573 1832 unum
603 1809 637 1831 v.
670 1789 862 1848 σίδηρος,
897 1794 1006 1848 quod
1038 1796 1138 1833 etin
1181 1796 1536 1849 comparationibus
1566 1796 1784 1834 invenimus
1815 1794 1891 1833 Od.
1927 1796 1990 1840 19,
2021 1796 2117 1842 211,

260 1864 369 1913 494;
398 1865 441 1902 Il.
485 1868 550 1911 20,
582 1866 680 1911 372,
721 1876 760 1903 et
785 1867 827 1902 in
871 1865 1144 1917 metaphoram
1184 1867 1278 1903 abiit
1321 1866 1376 1906 11„
1400 1865 1439 1911 4,
1480 1866 1590 1911 510,
1629 1866 1697 1903 ubi
1736 1865 1881 1918 Apollo
1926 1866 2117 1904 Troianos

261 1935 487 1981 adhortans,
515 1950 566 1974 ne
599 1934 743 1974 cedant
770 1935 940 1981 Achivis,
972 1934 1073 1974 hanc
1105 1950 1259 1973 causam
1289 1935 1413 1974 affert:
1452 1988 1455 1991 Δ

669 2002 759 2044 ἐπεὶ
787 2003 839 2044 οὔ
869 2011 954 2060 σφι
977 2001 1100 2051 λίθος
1129 2004 1241 2061 χρὼς
1265 2001 1363 2045 οὐδὲ
1395 2002 1576 2060 σίδηρος.

379 2078 438 2113 De
470 2077 740 2130 metaphorico
772 2076 1051 2116 adiectivorum
1079 2077 1199 2116 modo
1230 2077 1473 2116 laudatorum
1504 2092 1575 2116 usu
1595 2076 1774 2131 pluribus
1792 2076 1889 2116 locis
1904 2090 2116 2131 perperam

264 2147 458 2201 explicato
485 2148 605 2185 multa
647 2149 772 2186 habeo
810 2164 908 2200 quae
950 2149 1097 2194 dicam,
1138 2149 1211 2186 sed
1247 2163 1351 2187 nunc
1384 2150 1478 2185 mihi
1521 2159 1578 2186 est
1622 2148 1902 2193 festinandum,
1945 2157 1987 2184 ut
2017 2161 2116 2199 quae

263 2219 353 2256 satis
382 2217 501 2255 multa
516 2217 645 2255 adhuc
671 2227 828 2264 restant,
859 2219 891 2256 si
923 2219 1047 2256 minus
1077 2230 1118 2257 ut
1140 2218 1245 2257 volui
1274 2218 1482 2264 absolvam,
1513 2229 1551 2256 at
1578 2229 1686 2257 certe
1716 2219 1764 2255 ad
1781 2219 1901 2256 finem
1921 2217 2115 2270 quendam

264 2287 491 2342 perducam.

379 2357 444 2396 Ad
470 2357 628 2396 tertium
657 2358 775 2410 igitur
799 2356 931 2396 locum
963 2359 1079 2411 primi
1108 2359 1245 2412 capitis
1277 2359 1390 2396 huius
1422 2357 1693 2412 disputationis
1733 2357 1928 2404 accedam,
1958 2371 2037 2410 quo
2065 2355 2115 2393 de

265 2429 649 2468 coacervatione
678 2439 754 2466 tam
788 2443 925 2467 rerum
956 2430 998 2467 in
1020 2445 1095 2467 una
1131 2429 1349 2481 eademque
1398 2430 1685 2481 comparatione
1726 2429 1776 2466 ad
1810 2425 2117 2480 comparandum

265 2498 540 2545 adhibiturum,
571 2513 689 2553 quam
715 2501 1050 2553 comparationum
1080 2499 1131 2542 ad
1165 2498 1332 2538 eandem
1363 2513 1448 2537 rem
1478 2514 1498 2536 a
1529 2499 1640 2537 variis
1659 2498 1834 2552 partibus
1848 2496 2115 2536 illustrandam

265 2571 561 2611 coniuncturum
587 2570 871 2625 inquirendum
896 2581 970 2625 est.
1031 2570 1151 2620 Quod
1188 2571 1237 2611 ad
1266 2570 1437 2625 primum
1474 2570 1775 2610 coacervationis
1806 2583 1929 2624 genus
1966 2568 2115 2614 attinet,
