2360 3051
1053 258 1107 267 -
1167 236 1311 282 4,-

242 356 311 395 vel
351 354 528 410 fingendi
567 353 696 406 perito
736 351 845 395 sacili
876 356 1009 406 'opera
1048 353 1091 390 in
1130 353 1301 407 picturas
1346 350 1500 406 aliaque
1545 351 1707 393 artificia
1750 352 1905 407 possint
1944 355 2098 409 mutari.

247 428 370 468 Cuius
399 428 460 465 rei
488 424 549 464 vel
579 425 655 464 hoc
684 424 838 479 insigne
869 423 1148 464 documentum
1178 439 1261 464 esse
1290 435 1433 477 potest,
1462 424 1573 478 quod
1603 426 1679 463 iam
1707 426 1750 462 in
1776 424 1916 480 clypeo
1935 424 2100 466 Achillis

244 497 292 537 ll.
342 499 418 543 18,
467 494 698 537 573-586
742 495 911 535 eandem
949 496 1160 549 imaginem
1203 495 1327 535 leonis
1372 497 1518 535 bovem
1548 495 1602 535 de
1630 510 1747 550 grege
1776 496 1983 535 lacerantis
2014 507 2099 535 arte

246 570 384 608 factam
416 568 704 623 conspicimus,
737 583 855 622 quam
893 567 938 606 Il.
977 569 1041 615 17,
1080 566 1250 610 61—69
1294 568 1572 621 comparationi
1607 568 1884 607 inservientem
1925 568 2100 622 legimus.

248 640 374 679 Simili
403 641 567 686 ratione,
598 654 699 694 quae
732 631 774 677 in
803 638 945 677 eodem
971 639 1111 693 clypeo
1143 654 1188 677 ex
1225 638 1393 677 deorum
1424 639 1671 695 hominumve
1710 640 1786 679 vita
1815 638 1984 679 Vulcani
2020 650 2101 679 arte

250 711 375 748 efficta
403 710 526 756 vides,
558 710 641 747 aliis
671 709 767 746 locis
801 710 870 746 etsi
898 708 1019 761 paulo
1046 708 1161 746 aliter
1191 708 1378 761 disposita
1405 719 1444 746 et
1473 708 1658 746 adornata
1677 710 1719 746 in
1746 709 2100 763 comparationibus

247 780 443 833 reperieS.
503 779 568 817 Sic
598 779 722 830 imago
754 792 969 815 messorum
1000 789 1057 815 est
1071 777 1115 814 ll.
1154 781 1217 824 11,
1246 777 1299 817 67
1327 790 1366 817 et
1391 779 1434 816 Il.
1457 780 1522 824 18,
1549 781 1656 827 5503
1678 781 1851 817 virorum
1870 779 2101 831 litigantium

251 849 298 887 Il.
334 851 398 895 12,
425 847 505 887 421
545 857 583 885 et
613 846 657 885 Il.
694 848 758 895 18,
789 845 892 896 4973
922 848 1058 886 Martis
1097 847 1147 886 ad
1178 848 1373 902 proelium
1405 849 1653 904 procedentis
1684 850 1728 888 Il.
1763 852 1826 896 13,
1862 849 1950 891 298
1986 860 2026 888 et
2053 849 2100 887 11.

253 921 317 968 18,
350 920 445 959 516.
507 919 589 957 Sed
621 919 719 973 quid
756 919 904 973 singula
942 920 1041 957 haec
1082 933 1363 967 commemoro,
1404 936 1504 974 quae
1545 921 1643 961 forte
1674 922 1738 960 hic
1776 920 1963 959 illiciam
1994 920 2102 976 apud

248 993 463 1031 Homerum
494 989 862 1044 deprehenduntur,
895 992 1001 1030 cuius
1032 1001 1156 1029 aetate
1189 1002 1289 1030 artes
1320 993 1361 1029 in
1393 992 1527 1030 formis
1558 991 1750 1047 fingendis
1782 1002 1976 1030 versantes
2001 1006 2101 1031 non-

247 1063 341 1101 dum
371 1062 483 1101 valde
517 1061 690 1102 excultae
721 1074 841 1101 erant.
903 1064 945 1101 Si
976 1064 1061 1117 quis
1094 1074 1226 1102 nostro
1261 1074 1438 1117 tempore
1469 1066 1657 1118 imagines
1685 1065 1733 1102 ab
1767 1064 1938 1102 Homero
1970 1065 2099 1103 verbis

249 1134 495 1173 adumbratas
528 1135 569 1171 in
601 1134 749 1172 tabulas
782 1135 933 1173 referre
966 1134 1068 1173 volet
1101 1135 1384 1190 depingendas‚
1425 1150 1618 1190 nusquam
1658 1135 1868 1189 largiorem
1908 1149 2025 1189 quam
2062 1136 2103 1172 in

245 1207 341 1260 ipsis
388 1208 743 1260 comparationibus
786 1207 996 1245 maioribus
1036 1218 1211 1259 segetem
1248 1207 1424 1245 habebit.
1494 1208 1554 1244 Ex
1590 1218 1692 1245 tanta
1734 1221 1828 1245 vero
1870 1207 2101 1260 cognatione

248 1278 459 1332 imaginum
472 1293 570 1332 quae
591 1279 944 1332 comparationibus
958 1289 1313 1332 repraesentantur,
1332 1290 1370 1317 et
1385 1294 1515 1316 earum
1528 1294 1628 1331 quae
1640 1277 1826 1331 fingendo
1845 1288 1882 1315 et
1899 1277 2102 1330 pingendo

253 1350 534 1402 exprimuntur,
560 1349 657 1386 nihil
673 1348 781 1387 aliud
802 1351 992 1403 consequi
1013 1349 1113 1396 volo,
1131 1364 1246 1403 quam
1269 1348 1584 1388 similitudinibus
1604 1347 1770 1387 eandem
1781 1347 1865 1386 fere
1881 1364 1924 1387 ac
1940 1348 2102 1401 picturis

253 1421 660 1472 circumscriptionem
703 1430 742 1457 et
785 1420 954 1458 similem
984 1435 1118 1458 rerum
1162 1420 1476 1458 adumbratarum
1516 1420 1587 1457 sub
1629 1419 1861 1472 adspectum
1901 1419 2112 1457 subiectio-

247 1506 340 1529 nem
374 1506 457 1528 esse
494 1491 779 1530 vindicandam.
840 1492 985 1544 Atque,
1017 1491 1125 1545 quod
1145 1478 1308 1530 *veteres
1342 1492 1443 1541 (Cic.
1490 1493 1610 1530 Tusc.
1642 1492 1692 1537 V,
1728 1489 1821 1537 114,
1856 1490 1985 1538 Quint.
2017 1491 2104 1527 inst.

252 1576 307 1600 or.
334 1562 382 1607 X,
418 1565 453 1608 1,
482 1560 565 1609 49.)
627 1562 792 1600 Homeri
823 1576 901 1600 non
932 1563 1072 1615 poesin
1102 1562 1176 1600 sed
1195 1564 1386 1615 picturam
1403 1577 1474 1600 nos
1496 1562 1629 1600 videre
1659 1572 1905 1607 censuerunt,
1927 1561 1971 1598 id
1986 1562 2105 1598 maxi-

253 1647 356 1670 mam
393 1643 548 1685 partem
584 1633 634 1671 ad
675 1633 900 1672 huiusmodi
937 1633 1197 1686 perfectiores
1235 1635 1543 1686 comparationes
1582 1632 1833 1671 referendum
1874 1647 1957 1670 esse
1997 1643 2105 1684 puto.

251 1704 309 1741 Cf.
341 1703 536 1757 Spitzneri
567 1719 648 1742 exc.
681 1704 824 1743 XXVI.
857 1703 908 1741 ad
935 1704 979 1743 Il.
1012 1704 1092 1743 init.
1154 1705 1255 1752 Quas
1287 1705 1443 1742 virtutes
1477 1704 1618 1756 quibus
1650 1703 1796 1740 artibus
1829 1713 1867 1740 et
1899 1717 2014 1756 quam
2045 1702 2106 1740 di-

251 1789 360 1813 versa
399 1790 419 1811 a
460 1776 657 1828 pictorum
695 1775 938 1828 aliorumque
976 1775 1167 1812 artificum
1204 1775 1356 1812 ratione
1394 1789 1483 1812 usus
1524 1775 1718 1812 Homerus
1761 1775 1837 1811 suis
1874 1774 2104 1826 imaginibus

255 1844 483 1890 conciliarit,
514 1845 588 1882 alio
620 1845 708 1883 loco
738 1846 938 1898 Lessingio
967 1844 1067 1883 duce
1101 1845 1314 1882 accuratius
1332 1842 1606 1895 explicandum
1626 1844 1845 1896 suscipiam,
1870 1858 1975 1881 nunc
1995 1842 2105 1896 quod

250 1917 470 1967 incepimus
500 1930 798 1969 persequamur,
831 1927 868 1953 et
899 1929 978 1968 quo
1011 1915 1151 1952 clarius
1183 1914 1261 1951 duo
1294 1912 1358 1949 illa
1387 1927 1526 1964 genera
1553 1914 1886 1966 comparationum
1904 1927 2003 1966 quae
2029 1923 2106 1950 sta-

252 1986 393 2024 tuimus
424 1987 529 2025 inter
558 2001 601 2025 se
634 1985 939 2039 distinguantur,
980 1984 1031 2023 ad
1065 1986 1248 2024 orationis
1280 1997 1513 2024 structuram
1543 1986 1859 2024 similitudinibus
1888 1988 2104 2038 propriam,

253 2070 371 2112 quam
402 2071 519 2112 supra
550 2057 755 2112 attigimus,
785 2054 1109 2096 considerandam
1139 2068 1394 2097 revertamur.

364 2128 418 2165 Ut
448 2129 573 2165 statim
604 2129 789 2181 aperiam,
820 2129 862 2165 in
892 2140 970 2182 quo
1000 2127 1204 2167 cardinem
1232 2129 1295 2168 rei
1325 2130 1425 2173 verti
1456 2127 1626 2178 credam,
1657 2128 1954 2171 similitudinem
1993 2129 2105 2183 equi-

249 2199 342 2236 dem
368 2199 537 2237 dixerim
568 2200 803 2237 simillimam
834 2213 917 2237 esse
949 2202 985 2237 ei
1015 2202 1295 2239 sententiarum
1332 2202 1565 2249 formationi,
1595 2217 1696 2257 quae
1738 2204 1780 2240 in
1817 2212 1900 2241 arte
1943 2200 2106 2241 dicendi

246 2271 503 2323 periodus
538 2271 731 2325 appellari
761 2271 874 2310 solet.
936 2272 1061 2324 Atque
1091 2284 1277 2325 quantum
1307 2274 1488 2326 perfecta
1519 2274 1709 2326 periodus
1740 2289 1760 2312 a
1779 2274 1959 2327 pluribus
1980 2289 2105 2312 enun-

247 2341 346 2379 tiatis
380 2341 649 2395 multipliciter
680 2343 820 2381 iunctis
860 2353 899 2382 et
927 2341 1168 2396 amplificatis
1201 2344 1354 2390 differt,
1379 2346 1450 2382 »ita
1491 2346 1592 2382 inter
1622 2344 1897 2384 similitudines
1930 2358 1967 2384 et
1998 2360 2105 2384 com-

243 2413 467 2465 parationes
499 2412 696 2467 simplices
742 2415 829 2467 pari
859 2427 986 2468 prope
1015 2415 1224 2454 verborum
1256 2425 1296 2455 et
1326 2416 1611 2454 enuntiatorum
1640 2417 1786 2456 ambitu
1815 2416 1982 2456 inclusas
2012 2418 2103 2456 satis

244 2482 407 2521 multum
439 2484 676 2523 discriminis
707 2484 926 2524 intercedit.
988 2485 1144 2526 Periodi
1161 2484 1326 2541 quidem
1346 2486 1464 2525 virtus
1486 2486 1528 2524 in
1556 2500 1602 2526 eo
1619 2487 1865 2540 potissimum
1885 2487 2011 2541 posita
2031 2498 2102 2533 est,

245 2565 288 2592 ut
319 2556 401 2592 eius
432 2556 580 2610 singula
608 2556 787 2594 membra
817 2571 845 2594 s.
874 2556 962 2596 cola
997 2557 1125 2596 incisis
1154 2572 1183 2596 s.
1216 2557 1415 2597 commatis
1445 2557 1562 2597 mixta
1597 2567 1637 2598 et
1665 2568 1756 2614 apta
1784 2560 1975 2600 concinna
1997 2559 2103 2598 auri-
