2360 3051
1028 274 1315 316 -25-

250 385 381 426 adbuc
423 386 571 426 relictis
602 386 774 441 plagulis
812 387 962 438 absolvi
1000 389 1139 441 possit,
1174 399 1298 428 totum
1333 388 1496 443 aliquod
1534 391 1605 428 etsi
1641 392 1682 429 in
1725 392 1965 445 angustiores
2005 393 2104 433 fines

252 455 481 497 conclusum
513 465 630 511 quam
659 457 873 511 abruptam.
895 456 1084 512 longioris
1116 456 1388 514 disputationis
1413 470 1568 514 partem
1587 475 1817 516 proponere
1847 465 1964 503 satius
1985 464 2102 505 duco.

252 527 561 566 Commendatur
573 537 780 580 praeterea
799 527 900 567 haec
909 529 1133 567 necessaria
1147 528 1296 569 ordinis
1313 530 1471 568 mutatio
1484 544 1546 576 eo,
1567 530 1676 583 quod
1686 534 1810 570 omnia
1825 549 1925 587 quae
1940 534 1991 572 ad
2007 536 2101 573 sim-

249 598 374 651 plices
391 599 700 651 comparationes
716 614 795 652 per
815 615 857 638 se
880 611 1068 652 spectatas
1082 600 1295 653 pertinent,
1315 615 1422 639 nunc
1445 602 1650 640 coniuncta
1665 617 1750 639 cum
1767 606 1967 655 superiore
1991 620 2097 644 com-

250 668 488 708 mentatione
503 669 554 708 ita
567 680 730 718 tractare
747 680 899 723 potero,
920 680 962 709 ut
978 680 1134 724 praeter
1152 672 1416 724 quaestionem
1436 671 1614 711 omnibus
1627 673 1836 725 generibus
1856 689 2098 716 communem

252 754 367 792 quam
392 740 512 778 modo
543 740 712 780 indicavi
747 741 855 779 nullo
886 741 962 780 alio
990 741 1079 781 loco
1109 741 1160 780 ad
1197 741 1394 795 simplices
1425 741 1728 796 disputationem
1751 743 1883 782 redire
1902 758 2095 799 oporteat.

254 808 370 857 Quod
410 810 529 863 igitur
564 811 804 864 simplicibus
844 812 1197 864 comparationibus
1234 814 1285 851 ita
1332 814 1540 866 proprium
1597 829 1680 852 esse
1725 815 2003 863 animadverti,
2054 830 2097 856 ut

252 880 293 916 in
340 879 656 920 similitudinibus
691 896 891 935 nunquam
936 892 1000 920 aut
1036 896 1125 922 raro
1169 884 1408 930 inveniatur,
1442 884 1518 923 hoc
1556 886 1738 938 sequenti
1771 885 2097 939 disputatiuncula

252 960 555 1004 pertractaturus
587 962 703 991 totam
736 952 1119 1008 quantulamcunque
1148 954 1348 993 materiam
1386 954 1447 992 his
1479 954 1630 994 duobus
1663 957 1851 1010 capitibus
1884 957 2093 996 commode

254 1022 435 1061 distribui
463 1037 581 1077 posse
618 1034 725 1077 puto.
785 1026 915 1064 Primo
956 1027 1082 1080 capite
1122 1024 1357 1079 simplicium
1393 1040 1470 1079 per
1507 1040 1547 1064 se
1589 1037 1849 1079 spectatarum
1894 1043 1999 1077 usus,
2031 1029 2094 1067 cui

252 1092 377 1130 forma
418 1107 551 1131 earum
590 1108 670 1132 non
711 1095 836 1133 minus
878 1110 991 1149 quam
1037 1107 1173 1135 natura
1211 1095 1342 1135 locum
1380 1095 1503 1142 dedit,
1531 1097 1852 1139 considerabitur.
1911 1099 2091 1138 Alterum

254 1175 370 1215 caput
399 1165 440 1201 in
485 1166 720 1218 inquirenda
763 1182 806 1204 ea
852 1182 967 1220 quam
1012 1167 1210 1220 simplices
1247 1183 1335 1206 cum
1379 1168 1694 1207 similitudinibus
1733 1170 1903 1208 habeant
1942 1173 2091 1210 ratione

251 1235 479 1272 versabitur.

366 1303 462 1357 Cap.
495 1304 523 1341 I.
584 1303 830 1359 Simplicium
870 1308 1202 1361 comparationum
1241 1308 1283 1345 in
1317 1308 1452 1360 primis
1487 1307 1679 1346 nudarum
1717 1318 1755 1346 et
1785 1323 1884 1362 quae
1926 1308 1977 1346 ad
2006 1308 2090 1347 illas

252 1376 433 1427 proxime
466 1375 657 1414 accedunt
699 1376 824 1415 forma
869 1377 968 1416 adeo
1014 1379 1140 1416 tenuis
1173 1388 1213 1417 et
1243 1378 1380 1416 flexilis
1411 1389 1585 1433 apparet,
1613 1389 1655 1416 ut
1683 1380 1744 1417 vix
1763 1380 1872 1418 locus
1905 1381 2087 1418 orationis

243 1447 403 1498 cogitari
433 1448 569 1498 possit,
601 1462 621 1483 a
660 1461 737 1499 quo
768 1462 931 1500 prorsus
964 1450 1212 1489 abhorreant.
1272 1451 1510 1503 Ubicunque
1541 1460 1668 1487 autem
1697 1450 1946 1497 adhibentur,
1990 1462 2086 1488 tam-

242 1532 357 1569 quam
389 1517 553 1555 totidem
577 1517 755 1555 stellulae
778 1533 960 1557 coruscae
985 1520 1116 1558 lucem
1142 1519 1337 1573 quandam
1366 1518 1587 1558 diffundunt
1616 1533 1662 1557 eo
1692 1520 1978 1566 iucundiorem,
2006 1535 2084 1573 quo

242 1587 369 1625 minus
404 1587 487 1624 aliis
517 1587 729 1626 luminibus
761 1589 939 1627 distincta
971 1600 1028 1627 est
1057 1591 1180 1629 oratio
1211 1592 1289 1629 sive
1315 1593 1358 1627 in
1382 1592 1502 1628 rebus
1533 1593 1650 1644 gestis
1681 1591 1906 1628 enarrandis
1937 1593 2015 1629 sive
2045 1594 2087 1630 in

240 1658 360 1696 rebus
401 1670 439 1697 et
468 1660 641 1697 moribus
682 1659 949 1699 describendis
991 1672 1189 1714 occupata.
1248 1660 1331 1701 Sed
1373 1676 1494 1715 quum
1533 1662 1629 1701 haec
1666 1663 1785 1700 virtus
1827 1662 2008 1700 orationis
2039 1662 2089 1700 il-

240 1728 488 1768 luminandae
536 1741 574 1768 et
603 1730 855 1769 illustrandae
886 1733 932 1769 iis
962 1747 1048 1770 cum
1076 1732 1392 1770 similitudinibus
1420 1746 1624 1770 commune
1650 1734 1715 1779 sit3
1752 1742 1831 1768 tum
1864 1733 1939 1770 hoc
1965 1748 2084 1785 prae-

242 1801 401 1854 cipuum
425 1801 581 1846 habent,
609 1811 651 1838 ut
695 1814 826 1838 earum
855 1802 1022 1839 brevitas
1052 1802 1230 1855 patiatur,
1274 1812 1317 1840 ut
1345 1801 1406 1841 vel
1436 1803 1481 1840 iis
1508 1801 1605 1840 locis
1635 1802 1906 1848 adhibeantur,
1939 1804 2081 1857 quibus

239 1871 533 1908 similitudinum
566 1886 653 1908 usus
685 1872 839 1924 ineptus
866 1872 981 1918 soret,
1011 1871 1204 1924 siquidem
1225 1886 1305 1909 non
1328 1882 1406 1908 tam
1429 1871 1673 1908 retardarent
1703 1887 1817 1924 quam
1834 1872 2084 1910 debilitarent

239 1941 419 1979 affectum
465 1942 586 1994 ipsius
616 1944 676 1980 rei
717 1943 958 1995 expositione
991 1944 1207 1983 excitatum.
1268 1944 1374 1989 Quae
1414 1943 1517 1980 enim
1559 1943 1676 1980 animi
1705 1943 1913 1996 aequalitas
1945 1945 2082 1997 epicae

240 2014 352 2065 poesi
378 2013 497 2066 magis
530 2028 645 2066 quam
670 2012 739 2051 ulli
771 2012 835 2051 alii
865 2014 1004 2066 generi
1034 2014 1196 2067 propria
1228 2024 1295 2059 est,
1329 2028 1373 2051 ea
1395 2012 1558 2066 quidem
1584 2024 1730 2053 tantum
1748 2015 1856 2053 abest
1870 2024 1912 2052 ut
1926 2025 2082 2067 poetam

238 2098 308 2127 suo
340 2084 499 2122 nomine
530 2095 749 2123 narrantem
779 2083 842 2123 vel
881 2084 1135 2138 amplissimas
1179 2084 1488 2137 comparationes
1528 2099 1690 2138 usquam
1728 2084 1865 2124 afferre
1896 2097 2010 2132 vetet,
2038 2095 2080 2123 ut

237 2162 364 2190 motus
392 2153 434 2190 in
463 2153 703 2191 audientium
734 2153 993 2207 legentiumve
1021 2155 1156 2191 animis
1184 2156 1393 2194 concitatos
1408 2156 1581 2207 ipsarum
1611 2156 1903 2193 similitudinum
1936 2155 2076 2194 auxilio

241 2232 280 2261 et
311 2237 496 2263 coercere
529 2234 567 2262 et
592 2225 769 2263 minuere
801 2224 944 2263 iubeat.
1005 2223 1084 2263 Sed
1114 2224 1227 2264 aliter
1246 2239 1383 2263 seres
1411 2224 1540 2272 habet,
1580 2226 1615 2264 si
1644 2241 1832 2280 personae
1866 2225 1914 2263 de
1935 2224 2075 2278 quibus

240 2293 364 2346 agitur
390 2294 497 2347 ipsae
527 2294 736 2348 loquentes
767 2305 805 2333 et
830 2294 985 2334 affectus
1014 2296 1157 2349 quibus
1189 2305 1478 2335 commoventur
1512 2297 1734 2349 aperientes
1766 2311 1785 2333 a
1815 2305 1929 2349 poeta
1960 2293 2077 2332 indu-

238 2374 390 2403 cuntur.
453 2366 572 2404 Cuius
612 2368 715 2404 enim
755 2381 891 2405 sensus
935 2381 1015 2407 non
1056 2366 1293 2412 offendatur,
1322 2368 1356 2404 si
1385 2368 1576 2405 sermonis
1603 2367 1858 2406 concitatioris
1887 2366 2075 2404 decursus

236 2435 428 2473 maiorum
448 2438 777 2490 comparationum
809 2438 1049 2477 immixtione
1077 2437 1328 2478 retardetur?
1386 2438 1515 2485 Quare
1547 2439 1661 2476 etiam
1691 2437 1894 2490 colloquiis
1910 2437 2078 2476 heroum

235 2504 429 2555 Homerus
469 2506 645 2562 alioquin
681 2509 1013 2563 comparationum
1051 2508 1326 2549 amantissimus
1364 2506 1633 2547 similitudines
1663 2521 1825 2562 perraro
1856 2507 2077 2555 immiscuit,

238 2589 372 2631 neque
406 2576 486 2617 ullo
520 2578 611 2619 loco
644 2592 851 2633 personam
892 2582 1043 2635 gravius
1083 2589 1310 2621 commotam
1349 2579 1540 2634 ampliore
1572 2580 1859 2633 comparatione
1904 2588 2080 2618 utentem

1757 2649 1785 2689 4
