<?xml version="1.0" encoding="UTF-8"?>
<!DOCTYPE html PUBLIC "-//W3C//DTD XHTML 1.0 Transitional//EN"
    "http://www.w3.org/TR/xhtml1/DTD/xhtml1-transitional.dtd">
<html xmlns="http://www.w3.org/1999/xhtml" xml:lang="en" lang="en">
 <head>
  <title>
</title>
<meta http-equiv="Content-Type" content="text/html;charset=utf-8" />
  <meta name='ocr-system' content='tesseract 3.04.00' />
  <meta name='ocr-capabilities' content='ocr_page ocr_carea ocr_par ocr_line ocrx_word'/>
</head>
<body>
  <div class='ocr_page' id='page_1' title='image "4769602_0038.png"; bbox 0 0 2360 3051; ppageno 0'>
   <div class='ocr_carea' id='block_1_1' title="bbox 1067 242 1354 282">
    <p class='ocr_par' dir='ltr' id='par_1_1' title="bbox 1067 242 1354 282">
     <span class='ocr_line' id='line_1_1' title="bbox 1067 242 1354 282; baseline -0.007 -12"><span class='ocrx_word' id='word_1_1' title='bbox 1067 242 1354 282; x_wconf 62' lang='lat'><strong>„30-</strong></span> 
     </span>
    </p>
   </div>
   <div class='ocr_carea' id='block_1_2' title="bbox 286 353 2142 2533">
    <p class='ocr_par' dir='ltr' id='par_1_2' title="bbox 288 353 2137 547">
     <span class='ocr_line' id='line_1_2' title="bbox 288 353 2137 411; baseline 0.002 -15"><span class='ocrx_word' id='word_1_2' title='bbox 288 368 348 396; x_wconf 80' lang='lat' dir='ltr'><strong>est</strong></span> <span class='ocrx_word' id='word_1_3' title='bbox 375 358 422 399; x_wconf 88' lang='lat' dir='ltr'><strong>n.</strong></span> <span class='ocrx_word' id='word_1_4' title='bbox 451 361 520 404; x_wconf 77' lang='lat'><strong>21,</strong></span> <span class='ocrx_word' id='word_1_5' title='bbox 547 353 654 404; x_wconf 70' lang='lat'><strong>4833</strong></span> <span class='ocrx_word' id='word_1_6' title='bbox 683 356 740 394; x_wconf 79' lang='lat' dir='ltr'><strong>ibi</strong></span> <span class='ocrx_word' id='word_1_7' title='bbox 769 355 869 394; x_wconf 81' lang='lat' dir='ltr'><strong>Iuno</strong></span> <span class='ocrx_word' id='word_1_8' title='bbox 898 356 940 394; x_wconf 83' lang='lat' dir='ltr'><strong>in</strong></span> <span class='ocrx_word' id='word_1_9' title='bbox 969 353 1221 394; x_wconf 83' lang='lat' dir='ltr'><strong>altercatione</strong></span> <span class='ocrx_word' id='word_1_10' title='bbox 1254 369 1343 394; x_wconf 86' lang='lat' dir='ltr'><strong>eum</strong></span> <span class='ocrx_word' id='word_1_11' title='bbox 1370 355 1495 394; x_wconf 82' lang='lat' dir='ltr'><strong>Diana</strong></span> <span class='ocrx_word' id='word_1_12' title='bbox 1523 355 1622 396; x_wconf 85' lang='lat' dir='ltr'><strong>haee</strong></span> <span class='ocrx_word' id='word_1_13' title='bbox 1651 356 1822 411; x_wconf 76' lang='lat' dir='ltr'>profert:</span> <span class='ocrx_word' id='word_1_14' title='bbox 1862 371 2014 398; x_wconf 80' lang='lat' dir='ltr'><strong>meeum</strong></span> <span class='ocrx_word' id='word_1_15' title='bbox 2042 373 2137 400; x_wconf 84' lang='lat' dir='ltr'><strong>eon·</strong></span> 
     </span>
     <span class='ocr_line' id='line_1_3' title="bbox 290 425 2104 482; baseline -0.004 -14"><span class='ocrx_word' id='word_1_16' title='bbox 290 427 508 482; x_wconf 83' lang='lat' dir='ltr'><strong>grediendo</strong></span> <span class='ocrx_word' id='word_1_17' title='bbox 535 428 666 480; x_wconf 84' lang='lat' dir='ltr'><strong>impar</strong></span> <span class='ocrx_word' id='word_1_18' title='bbox 693 440 748 473; x_wconf 88' lang='lat' dir='ltr'><strong>es,</strong></span> <span class='ocrx_word' id='word_1_19' title='bbox 777 425 872 466; x_wconf 89' lang='lat' dir='ltr'><strong>licet</strong></span> <span class='ocrx_word' id='word_1_20' title='bbox 901 427 1077 479; x_wconf 85' lang='lat' dir='ltr'><strong>sagittam</strong></span> <span class='ocrx_word' id='word_1_21' title='bbox 1107 426 1220 472; x_wconf 83' lang='lat' dir='ltr'><strong>feras,</strong></span> <span class='ocrx_word' id='word_1_22' title='bbox 2102 437 2104 439; x_wconf 90' lang='lat'>·</span> 
     </span>
     <span class='ocr_line' id='line_1_4' title="bbox 986 491 1562 547; baseline 0.002 -13"><span class='ocrx_word' id='word_1_23' title='bbox 986 492 1079 535; x_wconf 77' lang='grc' dir='ltr'><strong><em>ἐπεί</em></strong></span> <span class='ocrx_word' id='word_1_24' title='bbox 1108 509 1157 534; x_wconf 83' lang='grc' dir='ltr'><strong>σε</strong></span> <span class='ocrx_word' id='word_1_25' title='bbox 1190 493 1346 536; x_wconf 73' lang='grc' dir='ltr'><strong><em>λέοντα</em></strong></span> <span class='ocrx_word' id='word_1_26' title='bbox 1373 491 1562 547; x_wconf 74' lang='grc' dir='ltr'><strong>γυναιξὶν</strong></span> 
     </span>
    </p>

    <p class='ocr_par' dir='ltr' id='par_1_3' title="bbox 286 557 2141 1614">
     <span class='ocr_line' id='line_1_5' title="bbox 666 557 1907 623; baseline 0.001 -17"><span class='ocrx_word' id='word_1_27' title='bbox 666 564 773 613; x_wconf 85' lang='grc' dir='ltr'><strong><em>Ζεὺς</em></strong></span> <span class='ocrx_word' id='word_1_28' title='bbox 802 566 941 616; x_wconf 58' lang='grc' dir='ltr'><em>θῆκεν,</em></span> <span class='ocrx_word' id='word_1_29' title='bbox 970 563 1043 605; x_wconf 80' lang='grc' dir='ltr'><strong>καὶ</strong></span> <span class='ocrx_word' id='word_1_30' title='bbox 1072 557 1194 606; x_wconf 67' lang='grc' dir='ltr'>ἔδωκε</span> <span class='ocrx_word' id='word_1_31' title='bbox 1220 564 1509 617; x_wconf 75' lang='grc' dir='ltr'><strong><em>κατακτάμεν,</em></strong></span> <span class='ocrx_word' id='word_1_32' title='bbox 1538 557 1587 611; x_wconf 77' lang='grc' dir='ltr'><strong>ἦν</strong></span> <span class='ocrx_word' id='word_1_33' title='bbox 1603 564 1642 606; x_wconf 78' lang='grc' dir='ltr'><strong>κ’</strong></span> <span class='ocrx_word' id='word_1_34' title='bbox 1671 565 1907 623; x_wconf 62' lang='grc' dir='ltr'><strong><em>ἐθέλῃσθα.</em></strong></span> 
     </span>
     <span class='ocr_line' id='line_1_6' title="bbox 289 637 2138 693; baseline -0.001 -17"><span class='ocrx_word' id='word_1_35' title='bbox 289 639 400 686; x_wconf 87' lang='lat' dir='ltr'><strong>Quae</strong></span> <span class='ocrx_word' id='word_1_36' title='bbox 431 637 665 691; x_wconf 74' lang='lat' dir='ltr'><strong>metaphora</strong></span> <span class='ocrx_word' id='word_1_37' title='bbox 696 652 775 691; x_wconf 89' lang='lat' dir='ltr'><strong>quo</strong></span> <span class='ocrx_word' id='word_1_38' title='bbox 808 652 926 676; x_wconf 89' lang='lat' dir='ltr'><strong>sensu</strong></span> <span class='ocrx_word' id='word_1_39' title='bbox 956 639 1005 676; x_wconf 83' lang='lat' dir='ltr'><strong>sit</strong></span> <span class='ocrx_word' id='word_1_40' title='bbox 1034 637 1275 691; x_wconf 86' lang='lat' dir='ltr'><strong>accipienda,</strong></span> <span class='ocrx_word' id='word_1_41' title='bbox 1302 652 1419 691; x_wconf 91' lang='lat' dir='ltr'><strong>quum</strong></span> <span class='ocrx_word' id='word_1_42' title='bbox 1447 652 1493 675; x_wconf 84' lang='lat' dir='ltr'><strong>ex</strong></span> <span class='ocrx_word' id='word_1_43' title='bbox 1510 637 1587 676; x_wconf 89' lang='lat' dir='ltr'><strong>hoc</strong></span> <span class='ocrx_word' id='word_1_44' title='bbox 1614 638 1702 691; x_wconf 87' lang='lat' dir='ltr'><strong>ipso</strong></span> <span class='ocrx_word' id='word_1_45' title='bbox 1717 637 1820 686; x_wconf 89' lang='lat' dir='ltr'><strong>loco,</strong></span> <span class='ocrx_word' id='word_1_46' title='bbox 1852 649 1933 677; x_wconf 87' lang='lat' dir='ltr'><strong>tum</strong></span> <span class='ocrx_word' id='word_1_47' title='bbox 1948 653 1995 678; x_wconf 77' lang='lat' dir='ltr'><strong>ex</strong></span> <span class='ocrx_word' id='word_1_48' title='bbox 2012 639 2138 693; x_wconf 80' lang='lat' dir='ltr'><strong>pluri-</strong></span> 
     </span>
     <span class='ocr_line' id='line_1_7' title="bbox 287 707 2138 765; baseline 0.002 -19"><span class='ocrx_word' id='word_1_49' title='bbox 287 709 363 746; x_wconf 85' lang='lat' dir='ltr'><strong>bus</strong></span> <span class='ocrx_word' id='word_1_50' title='bbox 397 708 588 747; x_wconf 85' lang='lat' dir='ltr'>similibus</span> <span class='ocrx_word' id='word_1_51' title='bbox 620 708 975 762; x_wconf 83' lang='lat' dir='ltr'><strong>comparationibus</strong></span> <span class='ocrx_word' id='word_1_52' title='bbox 1005 707 1162 747; x_wconf 88' lang='lat' dir='ltr'><strong>alcone</strong></span> <span class='ocrx_word' id='word_1_53' title='bbox 1186 708 1311 749; x_wconf 87' lang='lat' dir='ltr'><strong>ductis</strong></span> <span class='ocrx_word' id='word_1_54' title='bbox 1328 708 1466 762; x_wconf 86' lang='lat' dir='ltr'><strong>liquet.</strong></span> <span class='ocrx_word' id='word_1_55' title='bbox 1526 708 1734 748; x_wconf 82' lang='lat' dir='ltr'>Caeterum</span> <span class='ocrx_word' id='word_1_56' title='bbox 1749 710 1958 750; x_wconf 85' lang='lat' dir='ltr'><strong>observatu</strong></span> <span class='ocrx_word' id='word_1_57' title='bbox 1977 710 2138 765; x_wconf 85' lang='lat' dir='ltr'><strong>dignum</strong></span> 
     </span>
     <span class='ocr_line' id='line_1_8' title="bbox 290 778 2138 836; baseline 0.002 -18"><span class='ocrx_word' id='word_1_58' title='bbox 290 780 431 826; x_wconf 84' lang='lat' dir='ltr'><strong>habeo,</strong></span> <span class='ocrx_word' id='word_1_59' title='bbox 463 791 668 831; x_wconf 86' lang='lat' dir='ltr'><strong>utramque</strong></span> <span class='ocrx_word' id='word_1_60' title='bbox 700 779 969 832; x_wconf 78' lang='lat' dir='ltr'><strong>metaphoram</strong></span> <span class='ocrx_word' id='word_1_61' title='bbox 999 795 1018 817; x_wconf 87' lang='lat' dir='ltr'><strong>a</strong></span> <span class='ocrx_word' id='word_1_62' title='bbox 1051 778 1110 817; x_wconf 87' lang='lat' dir='ltr'><strong>dis</strong></span> <span class='ocrx_word' id='word_1_63' title='bbox 1142 779 1369 834; x_wconf 79' lang='lat' dir='ltr'><strong>deabusque</strong></span> <span class='ocrx_word' id='word_1_64' title='bbox 1391 781 1556 834; x_wconf 84' lang='lat' dir='ltr'><strong>graviter</strong></span> <span class='ocrx_word' id='word_1_65' title='bbox 1571 781 1772 820; x_wconf 84' lang='lat' dir='ltr'><strong>commotis</strong></span> <span class='ocrx_word' id='word_1_66' title='bbox 1789 792 2013 836; x_wconf 82' lang='lat' dir='ltr'><strong>usurpatam</strong></span> <span class='ocrx_word' id='word_1_67' title='bbox 2038 796 2138 828; x_wconf 89' lang='lat' dir='ltr'><strong>esse,</strong></span> 
     </span>
     <span class='ocr_line' id='line_1_9' title="bbox 290 848 2139 904; baseline 0.003 -17"><span class='ocrx_word' id='word_1_68' title='bbox 290 865 367 904; x_wconf 88' lang='lat' dir='ltr'><strong>qua</strong></span> <span class='ocrx_word' id='word_1_69' title='bbox 402 865 448 888; x_wconf 91' lang='lat' dir='ltr'><strong>re</strong></span> <span class='ocrx_word' id='word_1_70' title='bbox 493 859 531 887; x_wconf 88' lang='lat' dir='ltr'><strong>et</strong></span> <span class='ocrx_word' id='word_1_71' title='bbox 571 848 732 888; x_wconf 83' lang='lat' dir='ltr'><strong>audacia</strong></span> <span class='ocrx_word' id='word_1_72' title='bbox 771 850 957 888; x_wconf 86' lang='lat' dir='ltr'><strong>minuitur</strong></span> <span class='ocrx_word' id='word_1_73' title='bbox 996 860 1033 887; x_wconf 88' lang='lat' dir='ltr'><strong>et</strong></span> <span class='ocrx_word' id='word_1_74' title='bbox 1064 849 1272 889; x_wconf 77' lang='lat' dir='ltr'><strong>insolentia</strong></span> <span class='ocrx_word' id='word_1_75' title='bbox 1310 853 1424 890; x_wconf 85' lang='lat' dir='ltr'><strong>huius</strong></span> <span class='ocrx_word' id='word_1_76' title='bbox 1454 867 1544 891; x_wconf 88' lang='lat' dir='ltr'><strong>usus</strong></span> <span class='ocrx_word' id='word_1_77' title='bbox 1583 862 1796 892; x_wconf 85' lang='lat' dir='ltr'><strong>excusatur.</strong></span> <span class='ocrx_word' id='word_1_78' title='bbox 1855 855 1918 892; x_wconf 91' lang='lat' dir='ltr'><strong>De</strong></span> <span class='ocrx_word' id='word_1_79' title='bbox 1948 854 1986 892; x_wconf 85' lang='lat' dir='ltr'><strong>vi</strong></span> <span class='ocrx_word' id='word_1_80' title='bbox 2015 863 2139 892; x_wconf 87' lang='lat' dir='ltr'><strong>meta-</strong></span> 
     </span>
     <span class='ocr_line' id='line_1_10' title="bbox 288 920 2139 977; baseline 0.002 -18"><span class='ocrx_word' id='word_1_81' title='bbox 288 921 453 974; x_wconf 87' lang='lat' dir='ltr'><strong>phorica</strong></span> <span class='ocrx_word' id='word_1_82' title='bbox 492 920 772 960; x_wconf 81' lang='lat' dir='ltr'><strong>adiectivorum</strong></span> <span class='ocrx_word' id='word_1_83' title='bbox 812 920 1081 974; x_wconf 84' lang='lat' dir='ltr'><strong>copulatorum</strong></span> <span class='ocrx_word' id='word_1_84' title='bbox 1125 920 1348 971; x_wconf 58' lang='grc' dir='ltr'><strong>ἓυμολέων</strong></span> <span class='ocrx_word' id='word_1_85' title='bbox 1394 934 1433 961; x_wconf 93' lang='lat' dir='ltr'><strong>et</strong></span> <span class='ocrx_word' id='word_1_86' title='bbox 1471 921 1624 976; x_wconf 77' lang='grc' dir='ltr'><strong><em>βοῶπις</em></strong></span> <span class='ocrx_word' id='word_1_87' title='bbox 1649 924 1696 962; x_wconf 85' lang='lat' dir='ltr'><strong>cf.</strong></span> <span class='ocrx_word' id='word_1_88' title='bbox 1726 925 1864 977; x_wconf 84' lang='lat' dir='ltr'><strong>partic.</strong></span> <span class='ocrx_word' id='word_1_89' title='bbox 1895 924 1944 961; x_wconf 90' lang='lat'><strong>11.</strong></span> <span class='ocrx_word' id='word_1_90' title='bbox 1974 939 2013 977; x_wconf 92' lang='lat' dir='ltr'><strong>p.</strong></span> <span class='ocrx_word' id='word_1_91' title='bbox 2044 925 2139 964; x_wconf 87' lang='lat' dir='ltr'><strong>XVI</strong></span> 
     </span>
     <span class='ocr_line' id='line_1_11' title="bbox 289 991 2138 1048; baseline 0.003 -19"><span class='ocrx_word' id='word_1_92' title='bbox 289 1007 351 1045; x_wconf 81' lang='lat' dir='ltr'><strong>sq.</strong></span> <span class='ocrx_word' id='word_1_93' title='bbox 412 993 470 1029; x_wconf 83' lang='lat' dir='ltr'><strong>Ex</strong></span> <span class='ocrx_word' id='word_1_94' title='bbox 501 992 753 1029; x_wconf 86' lang='lat' dir='ltr'><strong>animantium</strong></span> <span class='ocrx_word' id='word_1_95' title='bbox 784 1007 930 1046; x_wconf 86' lang='lat' dir='ltr'><strong>genere</strong></span> <span class='ocrx_word' id='word_1_96' title='bbox 962 991 1068 1030; x_wconf 86' lang='lat' dir='ltr'><strong>nulla</strong></span> <span class='ocrx_word' id='word_1_97' title='bbox 1099 991 1172 1030; x_wconf 87' lang='lat' dir='ltr'><strong>alia</strong></span> <span class='ocrx_word' id='word_1_98' title='bbox 1202 992 1365 1046; x_wconf 88' lang='lat' dir='ltr'><strong>quidem</strong></span> <span class='ocrx_word' id='word_1_99' title='bbox 1397 1008 1486 1031; x_wconf 86' lang='lat' dir='ltr'><strong>vera</strong></span> <span class='ocrx_word' id='word_1_100' title='bbox 1516 995 1758 1048; x_wconf 82' lang='lat' dir='ltr'><strong>metaphora,</strong></span> <span class='ocrx_word' id='word_1_101' title='bbox 1790 994 1860 1033; x_wconf 90' lang='lat' dir='ltr'><strong>sed</strong></span> <span class='ocrx_word' id='word_1_102' title='bbox 1887 994 2138 1048; x_wconf 81' lang='lat' dir='ltr'><strong>synecdoche</strong></span> 
     </span>
     <span class='ocr_line' id='line_1_12' title="bbox 287 1062 2140 1119; baseline 0.002 -19"><span class='ocrx_word' id='word_1_103' title='bbox 287 1065 417 1115; x_wconf 88' lang='lat' dir='ltr'><strong>potius</strong></span> <span class='ocrx_word' id='word_1_104' title='bbox 442 1063 714 1115; x_wconf 83' lang='lat' dir='ltr'><strong>metaphorice</strong></span> <span class='ocrx_word' id='word_1_105' title='bbox 753 1073 884 1100; x_wconf 85' lang='lat' dir='ltr'><strong>tamen</strong></span> <span class='ocrx_word' id='word_1_106' title='bbox 917 1064 981 1101; x_wconf 84' lang='lat' dir='ltr'><strong>hic</strong></span> <span class='ocrx_word' id='word_1_107' title='bbox 1023 1062 1104 1101; x_wconf 86' lang='lat' dir='ltr'><strong>illic</strong></span> <span class='ocrx_word' id='word_1_108' title='bbox 1144 1073 1324 1116; x_wconf 83' lang='lat' dir='ltr'><strong>usurpata</strong></span> <span class='ocrx_word' id='word_1_109' title='bbox 1363 1063 1646 1101; x_wconf 86' lang='lat' dir='ltr'><strong>consideranda</strong></span> <span class='ocrx_word' id='word_1_110' title='bbox 1690 1074 1823 1102; x_wconf 85' lang='lat' dir='ltr'><strong>restat.</strong></span> <span class='ocrx_word' id='word_1_111' title='bbox 1884 1067 1992 1113; x_wconf 86' lang='lat' dir='ltr'><strong>Quae</strong></span> <span class='ocrx_word' id='word_1_112' title='bbox 2019 1080 2140 1119; x_wconf 87' lang='lat' dir='ltr'><strong>quum</strong></span> 
     </span>
     <span class='ocr_line' id='line_1_13' title="bbox 292 1133 2141 1187; baseline 0.001 -15"><span class='ocrx_word' id='word_1_113' title='bbox 292 1148 340 1172; x_wconf 82' lang='lat' dir='ltr'><strong>ex</strong></span> <span class='ocrx_word' id='word_1_114' title='bbox 372 1134 673 1187; x_wconf 80' lang='lat' dir='ltr'><strong>divulgatissima</strong></span> <span class='ocrx_word' id='word_1_115' title='bbox 706 1135 994 1187; x_wconf 87' lang='lat' dir='ltr'><strong>comparatione</strong></span> <span class='ocrx_word' id='word_1_116' title='bbox 1026 1149 1111 1172; x_wconf 88' lang='lat' dir='ltr'><strong>cum</strong></span> <span class='ocrx_word' id='word_1_117' title='bbox 1151 1135 1269 1172; x_wconf 90' lang='lat' dir='ltr'><strong>rebus</strong></span> <span class='ocrx_word' id='word_1_118' title='bbox 1302 1149 1467 1187; x_wconf 87' lang='lat' dir='ltr'><strong>quarum</strong></span> <span class='ocrx_word' id='word_1_119' title='bbox 1501 1144 1656 1186; x_wconf 85' lang='lat' dir='ltr'><strong>partem</strong></span> <span class='ocrx_word' id='word_1_120' title='bbox 1688 1133 1845 1172; x_wconf 90' lang='lat' dir='ltr'><strong>denotat</strong></span> <span class='ocrx_word' id='word_1_121' title='bbox 1874 1145 1958 1173; x_wconf 85' lang='lat' dir='ltr'><strong>orta</strong></span> <span class='ocrx_word' id='word_1_122' title='bbox 1990 1144 2029 1173; x_wconf 93' lang='lat' dir='ltr'><strong>et</strong></span> <span class='ocrx_word' id='word_1_123' title='bbox 2056 1136 2141 1187; x_wconf 85' lang='lat' dir='ltr'><strong>ipsa</strong></span> 
     </span>
     <span class='ocr_line' id='line_1_14' title="bbox 289 1204 2140 1259; baseline 0.001 -16"><span class='ocrx_word' id='word_1_124' title='bbox 289 1204 341 1243; x_wconf 85' lang='lat' dir='ltr'><strong>ad</strong></span> <span class='ocrx_word' id='word_1_125' title='bbox 380 1204 687 1258; x_wconf 87' lang='lat' dir='ltr'><strong>comparandum</strong></span> <span class='ocrx_word' id='word_1_126' title='bbox 726 1205 904 1243; x_wconf 84' lang='lat' dir='ltr'><strong>adhiberi</strong></span> <span class='ocrx_word' id='word_1_127' title='bbox 942 1205 1053 1244; x_wconf 88' lang='lat' dir='ltr'><strong>solita</strong></span> <span class='ocrx_word' id='word_1_128' title='bbox 1083 1207 1144 1252; x_wconf 87' lang='lat' dir='ltr'><strong>sit,</strong></span> <span class='ocrx_word' id='word_1_129' title='bbox 1185 1204 1340 1244; x_wconf 87' lang='lat' dir='ltr'><strong>tandem</strong></span> <span class='ocrx_word' id='word_1_130' title='bbox 1380 1216 1423 1243; x_wconf 92' lang='lat' dir='ltr'><strong>ut</strong></span> <span class='ocrx_word' id='word_1_131' title='bbox 1460 1204 1556 1243; x_wconf 82' lang='lat' dir='ltr'><strong>aliae</strong></span> <span class='ocrx_word' id='word_1_132' title='bbox 1594 1207 1901 1259; x_wconf 82' lang='lat' dir='ltr'><strong>comparationes</strong></span> <span class='ocrx_word' id='word_1_133' title='bbox 1939 1207 1980 1244; x_wconf 89' lang='lat' dir='ltr'><strong>in</strong></span> <span class='ocrx_word' id='word_1_134' title='bbox 2020 1217 2140 1244; x_wconf 84' lang='lat' dir='ltr'><strong>meta-</strong></span> 
     </span>
     <span class='ocr_line' id='line_1_15' title="bbox 287 1273 2139 1330; baseline 0 -17"><span class='ocrx_word' id='word_1_135' title='bbox 287 1276 453 1330; x_wconf 88' lang='lat' dir='ltr'><strong>phoram</strong></span> <span class='ocrx_word' id='word_1_136' title='bbox 480 1276 583 1314; x_wconf 87' lang='lat' dir='ltr'><strong>abiit.</strong></span> <span class='ocrx_word' id='word_1_137' title='bbox 643 1276 699 1314; x_wconf 88' lang='lat' dir='ltr'><strong>Ita</strong></span> <span class='ocrx_word' id='word_1_138' title='bbox 728 1275 871 1316; x_wconf 88' lang='lat' dir='ltr'><strong>sactum</strong></span> <span class='ocrx_word' id='word_1_139' title='bbox 904 1287 963 1316; x_wconf 87' lang='lat' dir='ltr'><strong>est</strong></span> <span class='ocrx_word' id='word_1_140' title='bbox 992 1291 1078 1315; x_wconf 89' lang='lat' dir='ltr'><strong>cum</strong></span> <span class='ocrx_word' id='word_1_141' title='bbox 1108 1292 1141 1316; x_wconf 84' lang='lat' dir='ltr'><strong>v.</strong></span> <span class='ocrx_word' id='word_1_142' title='bbox 1171 1273 1340 1328; x_wconf 83' lang='grc' dir='ltr'><strong><em>πτερόν,</em></strong></span> <span class='ocrx_word' id='word_1_143' title='bbox 1371 1275 1478 1329; x_wconf 88' lang='lat' dir='ltr'><strong>quod</strong></span> <span class='ocrx_word' id='word_1_144' title='bbox 1513 1276 1674 1329; x_wconf 84' lang='lat' dir='ltr'><strong>proprie</strong></span> <span class='ocrx_word' id='word_1_145' title='bbox 1702 1289 1785 1313; x_wconf 90' lang='lat' dir='ltr'><strong>eam</strong></span> <span class='ocrx_word' id='word_1_146' title='bbox 1814 1286 1971 1328; x_wconf 87' lang='lat' dir='ltr'><strong>partem</strong></span> <span class='ocrx_word' id='word_1_147' title='bbox 2014 1276 2139 1315; x_wconf 85' lang='lat' dir='ltr'><strong>avium</strong></span> 
     </span>
     <span class='ocr_line' id='line_1_16' title="bbox 288 1344 2141 1400; baseline 0.001 -18"><span class='ocrx_word' id='word_1_148' title='bbox 288 1347 329 1383; x_wconf 84' lang='lat' dir='ltr'><strong>in</strong></span> <span class='ocrx_word' id='word_1_149' title='bbox 356 1361 432 1398; x_wconf 90' lang='lat' dir='ltr'><strong>qua</strong></span> <span class='ocrx_word' id='word_1_150' title='bbox 473 1345 656 1385; x_wconf 85' lang='lat' dir='ltr'><strong>velocitas</strong></span> <span class='ocrx_word' id='word_1_151' title='bbox 684 1348 930 1399; x_wconf 86' lang='lat' dir='ltr'><strong>potissimum</strong></span> <span class='ocrx_word' id='word_1_152' title='bbox 981 1348 1153 1385; x_wconf 83' lang='lat' dir='ltr'><strong>cernitur</strong></span> <span class='ocrx_word' id='word_1_153' title='bbox 1192 1347 1384 1385; x_wconf 86' lang='lat' dir='ltr'><strong>denotans</strong></span> <span class='ocrx_word' id='word_1_154' title='bbox 1423 1360 1500 1399; x_wconf 83' lang='lat' dir='ltr'><strong>per</strong></span> <span class='ocrx_word' id='word_1_155' title='bbox 1537 1344 1817 1399; x_wconf 84' lang='lat' dir='ltr'><strong>synecdochen</strong></span> <span class='ocrx_word' id='word_1_156' title='bbox 1855 1359 1930 1400; x_wconf 88' lang='lat' dir='ltr'><strong>pro</strong></span> <span class='ocrx_word' id='word_1_157' title='bbox 1964 1345 2141 1400; x_wconf 84' lang='lat' dir='ltr'><strong>qualibet</strong></span> 
     </span>
     <span class='ocr_line' id='line_1_17' title="bbox 286 1416 2141 1471; baseline 0.001 -18"><span class='ocrx_word' id='word_1_158' title='bbox 286 1431 356 1454; x_wconf 86' lang='lat' dir='ltr'><strong>ave</strong></span> <span class='ocrx_word' id='word_1_159' title='bbox 385 1418 565 1469; x_wconf 85' lang='lat' dir='ltr'><strong>usurpari</strong></span> <span class='ocrx_word' id='word_1_160' title='bbox 596 1427 779 1470; x_wconf 85' lang='lat' dir='ltr'><strong>coeptum</strong></span> <span class='ocrx_word' id='word_1_161' title='bbox 817 1428 898 1463; x_wconf 89' lang='lat' dir='ltr'><strong>est,</strong></span> <span class='ocrx_word' id='word_1_162' title='bbox 936 1418 1004 1455; x_wconf 85' lang='lat' dir='ltr'><strong>ubi</strong></span> <span class='ocrx_word' id='word_1_163' title='bbox 1051 1417 1233 1456; x_wconf 85' lang='lat' dir='ltr'><strong>celeritas</strong></span> <span class='ocrx_word' id='word_1_164' title='bbox 1273 1418 1433 1458; x_wconf 88' lang='lat' dir='ltr'><strong>alicuius</strong></span> <span class='ocrx_word' id='word_1_165' title='bbox 1464 1419 1522 1456; x_wconf 88' lang='lat' dir='ltr'><strong>rei</strong></span> <span class='ocrx_word' id='word_1_166' title='bbox 1552 1416 1616 1456; x_wconf 84' lang='lat' dir='ltr'><strong>vel</strong></span> <span class='ocrx_word' id='word_1_167' title='bbox 1645 1430 1839 1471; x_wconf 86' lang='lat' dir='ltr'><strong>personae</strong></span> <span class='ocrx_word' id='word_1_168' title='bbox 1869 1418 2035 1471; x_wconf 86' lang='lat' dir='ltr'><strong>imagine</strong></span> <span class='ocrx_word' id='word_1_169' title='bbox 2073 1431 2141 1456; x_wconf 85' lang='lat' dir='ltr'><strong>re·</strong></span> 
     </span>
     <span class='ocr_line' id='line_1_18' title="bbox 287 1486 2136 1542; baseline 0.001 -17"><span class='ocrx_word' id='word_1_170' title='bbox 287 1487 574 1540; x_wconf 85' lang='lat' dir='ltr'><strong>praesentanda</strong></span> <span class='ocrx_word' id='word_1_171' title='bbox 614 1499 705 1527; x_wconf 89' lang='lat' dir='ltr'><strong>erat.</strong></span> <span class='ocrx_word' id='word_1_172' title='bbox 764 1488 995 1527; x_wconf 84' lang='lat' dir='ltr'><strong>Manifestae</strong></span> <span class='ocrx_word' id='word_1_173' title='bbox 1038 1489 1336 1542; x_wconf 86' lang='lat' dir='ltr'><strong>comparationis</strong></span> <span class='ocrx_word' id='word_1_174' title='bbox 1375 1486 1600 1541; x_wconf 84' lang='lat' dir='ltr'><strong>exemplum</strong></span> <span class='ocrx_word' id='word_1_175' title='bbox 1641 1502 1758 1525; x_wconf 90' lang='lat' dir='ltr'><strong>unum</strong></span> <span class='ocrx_word' id='word_1_176' title='bbox 1799 1498 1856 1526; x_wconf 91' lang='lat' dir='ltr'><strong>est</strong></span> <span class='ocrx_word' id='word_1_177' title='bbox 1885 1486 1965 1525; x_wconf 87' lang='lat' dir='ltr'><strong>Od.</strong></span> <span class='ocrx_word' id='word_1_178' title='bbox 1998 1490 2036 1533; x_wconf 91' lang='lat'><strong>7,</strong></span> <span class='ocrx_word' id='word_1_179' title='bbox 2068 1486 2136 1533; x_wconf 84' lang='lat'><strong>36,</strong></span> 
     </span>
     <span class='ocr_line' id='line_1_19' title="bbox 291 1557 1190 1614; baseline 0.001 -16"><span class='ocrx_word' id='word_1_180' title='bbox 291 1572 369 1613; x_wconf 87' lang='lat' dir='ltr'><strong>quo</strong></span> <span class='ocrx_word' id='word_1_181' title='bbox 400 1557 488 1598; x_wconf 86' lang='lat' dir='ltr'><strong>loco</strong></span> <span class='ocrx_word' id='word_1_182' title='bbox 519 1558 738 1598; x_wconf 89' lang='lat' dir='ltr'><strong>Phaeacum</strong></span> <span class='ocrx_word' id='word_1_183' title='bbox 769 1573 883 1599; x_wconf 84' lang='lat' dir='ltr'><strong>naves</strong></span> <span class='ocrx_word' id='word_1_184' title='bbox 913 1559 1190 1614; x_wconf 84' lang='lat' dir='ltr'><strong>praedicantur</strong></span> 
     </span>
    </p>

    <p class='ocr_par' dir='ltr' id='par_1_4' title="bbox 287 1625 2141 1891">
     <span class='ocr_line' id='line_1_20' title="bbox 693 1625 1619 1681; baseline -0.002 -15"><span class='ocrx_word' id='word_1_185' title='bbox 693 1630 777 1666; x_wconf 72' lang='grc' dir='ltr'><strong>τὸν</strong></span> <span class='ocrx_word' id='word_1_186' title='bbox 799 1626 886 1672; x_wconf 76' lang='grc' dir='ltr'><strong><em>νέες</em></strong></span> <span class='ocrx_word' id='word_1_187' title='bbox 915 1629 1059 1666; x_wconf 79' lang='grc' dir='ltr'><em>ὠκεῖαι</em></span> <span class='ocrx_word' id='word_1_188' title='bbox 1085 1627 1174 1673; x_wconf 83' lang='grc' dir='ltr'><strong><em>ὡςεὶ</em></strong></span> <span class='ocrx_word' id='word_1_189' title='bbox 1205 1627 1362 1681; x_wconf 78' lang='grc' dir='ltr'><strong><em>πτερὸν</em></strong></span> <span class='ocrx_word' id='word_1_190' title='bbox 1392 1627 1438 1672; x_wconf 79' lang='grc' dir='ltr'><strong>ἠὲ</strong></span> <span class='ocrx_word' id='word_1_191' title='bbox 1468 1625 1619 1678; x_wconf 79' lang='grc' dir='ltr'><strong><em>νόημα.</em></strong></span> 
     </span>
     <span class='ocr_line' id='line_1_21' title="bbox 289 1696 2140 1754; baseline -0.001 -17"><span class='ocrx_word' id='word_1_192' title='bbox 289 1700 395 1747; x_wconf 84' lang='lat' dir='ltr'><strong>Quae</strong></span> <span class='ocrx_word' id='word_1_193' title='bbox 441 1698 602 1738; x_wconf 86' lang='lat' dir='ltr'><strong>eaedem</strong></span> <span class='ocrx_word' id='word_1_194' title='bbox 632 1715 750 1739; x_wconf 87' lang='lat' dir='ltr'><strong>naves</strong></span> <span class='ocrx_word' id='word_1_195' title='bbox 794 1715 892 1754; x_wconf 90' lang='lat' dir='ltr'><strong>prae</strong></span> <span class='ocrx_word' id='word_1_196' title='bbox 929 1699 1012 1737; x_wconf 85' lang='lat' dir='ltr'><strong>aliis</strong></span> <span class='ocrx_word' id='word_1_197' title='bbox 1057 1700 1094 1738; x_wconf 87' lang='lat' dir='ltr'><strong>vi</strong></span> <span class='ocrx_word' id='word_1_198' title='bbox 1131 1699 1298 1753; x_wconf 87' lang='lat' dir='ltr'><strong>quadam</strong></span> <span class='ocrx_word' id='word_1_199' title='bbox 1333 1699 1482 1751; x_wconf 84' lang='lat' dir='ltr'><strong>mag-ica</strong></span> <span class='ocrx_word' id='word_1_200' title='bbox 1519 1696 1720 1750; x_wconf 86' lang='lat' dir='ltr'><strong>praeditae</strong></span> <span class='ocrx_word' id='word_1_201' title='bbox 1759 1697 1835 1735; x_wconf 89' lang='lat' dir='ltr'><strong>Od.</strong></span> <span class='ocrx_word' id='word_1_202' title='bbox 1871 1700 1935 1743; x_wconf 87' lang='lat'><strong>13,</strong></span> <span class='ocrx_word' id='word_1_203' title='bbox 1966 1699 2021 1738; x_wconf 88' lang='grc'><strong>87</strong></span> <span class='ocrx_word' id='word_1_204' title='bbox 2052 1712 2140 1736; x_wconf 90' lang='lat' dir='ltr'><strong>cum</strong></span> 
     </span>
     <span class='ocr_line' id='line_1_22' title="bbox 287 1767 2141 1824; baseline -0.001 -15"><span class='ocrx_word' id='word_1_205' title='bbox 287 1771 489 1824; x_wconf 44' lang='lat' dir='ltr'><strong>accipitre)</strong></span> <span class='ocrx_word' id='word_1_206' title='bbox 519 1785 590 1811; x_wconf 88' lang='lat' dir='ltr'><strong>ave</strong></span> <span class='ocrx_word' id='word_1_207' title='bbox 621 1771 836 1818; x_wconf 84' lang='lat' dir='ltr'><strong>celerrima,</strong></span> <span class='ocrx_word' id='word_1_208' title='bbox 863 1780 1149 1824; x_wconf 85' lang='lat' dir='ltr'><strong>comparantur.</strong></span> <span class='ocrx_word' id='word_1_209' title='bbox 1208 1770 1485 1823; x_wconf 85' lang='lat' dir='ltr'><strong>Metaphorice</strong></span> <span class='ocrx_word' id='word_1_210' title='bbox 1527 1779 1656 1808; x_wconf 90' lang='lat' dir='ltr'><strong>autem</strong></span> <span class='ocrx_word' id='word_1_211' title='bbox 1697 1767 1840 1808; x_wconf 91' lang='lat' dir='ltr'><strong>eodem</strong></span> <span class='ocrx_word' id='word_1_212' title='bbox 1868 1768 1991 1808; x_wconf 88' lang='lat' dir='ltr'><strong>verbo</strong></span> <span class='ocrx_word' id='word_1_213' title='bbox 2022 1774 2141 1821; x_wconf 83' lang='lat' dir='ltr'><strong>poeta</strong></span> 
     </span>
     <span class='ocr_line' id='line_1_23' title="bbox 288 1837 1853 1891; baseline -0.003 -10"><span class='ocrx_word' id='word_1_214' title='bbox 288 1842 408 1881; x_wconf 81' lang='lat' dir='ltr'><strong>utitur</strong></span> <span class='ocrx_word' id='word_1_215' title='bbox 438 1841 518 1880; x_wconf 84' lang='lat' dir='ltr'><strong>Od.</strong></span> <span class='ocrx_word' id='word_1_216' title='bbox 555 1844 618 1888; x_wconf 90' lang='lat'><strong>11,</strong></span> <span class='ocrx_word' id='word_1_217' title='bbox 654 1842 734 1884; x_wconf 73' lang='lat'><strong>125</strong></span> <span class='ocrx_word' id='word_1_218' title='bbox 767 1851 805 1881; x_wconf 88' lang='lat' dir='ltr'><strong>et</strong></span> <span class='ocrx_word' id='word_1_219' title='bbox 834 1842 902 1889; x_wconf 77' lang='lat'><strong>23,</strong></span> <span class='ocrx_word' id='word_1_220' title='bbox 936 1842 1031 1886; x_wconf 73' lang='lat'><strong>372,</strong></span> <span class='ocrx_word' id='word_1_221' title='bbox 1062 1841 1130 1879; x_wconf 87' lang='lat' dir='ltr'><strong>ubi</strong></span> <span class='ocrx_word' id='word_1_222' title='bbox 1160 1840 1260 1880; x_wconf 84' lang='lat' dir='ltr'><strong>remi</strong></span> <span class='ocrx_word' id='word_1_223' title='bbox 1289 1840 1444 1878; x_wconf 86' lang='lat' dir='ltr'><strong>navium</strong></span> <span class='ocrx_word' id='word_1_224' title='bbox 1474 1853 1627 1891; x_wconf 88' lang='lat' dir='ltr'><strong>pennae</strong></span> <span class='ocrx_word' id='word_1_225' title='bbox 1660 1837 1853 1884; x_wconf 88' lang='lat' dir='ltr'><strong>dicuntur,</strong></span> 
     </span>
    </p>

    <p class='ocr_par' dir='ltr' id='par_1_5' title="bbox 288 1906 2142 2533">
     <span class='ocr_line' id='line_1_24' title="bbox 696 1906 1562 1967; baseline -0.005 -17"><span class='ocrx_word' id='word_1_226' title='bbox 696 1910 868 1966; x_wconf 73' lang='grc' dir='ltr'><strong><em>ἐρετμά,</em></strong></span> <span class='ocrx_word' id='word_1_227' title='bbox 895 1912 1004 1950; x_wconf 86' lang='grc' dir='ltr'><strong><em>τάτε</em></strong></span> <span class='ocrx_word' id='word_1_228' title='bbox 1034 1910 1171 1967; x_wconf 78' lang='grc' dir='ltr'><strong><em>πτερὰ</em></strong></span> <span class='ocrx_word' id='word_1_229' title='bbox 1199 1907 1325 1955; x_wconf 78' lang='grc' dir='ltr'>νηυσὶ</span> <span class='ocrx_word' id='word_1_230' title='bbox 1342 1906 1562 1957; x_wconf 75' lang='grc' dir='ltr'><strong><em>πέλονται,</em></strong></span> 
     </span>
     <span class='ocr_line' id='line_1_25' title="bbox 288 1979 2141 2037; baseline -0.004 -15"><span class='ocrx_word' id='word_1_231' title='bbox 288 1985 330 2022; x_wconf 87' lang='lat' dir='ltr'><strong>in</strong></span> <span class='ocrx_word' id='word_1_232' title='bbox 374 1999 451 2037; x_wconf 86' lang='lat' dir='ltr'><strong>qua</strong></span> <span class='ocrx_word' id='word_1_233' title='bbox 487 1983 715 2036; x_wconf 83' lang='lat' dir='ltr'><strong>metaphora</strong></span> <span class='ocrx_word' id='word_1_234' title='bbox 754 1996 913 2034; x_wconf 83' lang='lat' dir='ltr'><strong>pennae</strong></span> <span class='ocrx_word' id='word_1_235' title='bbox 943 1982 1107 2034; x_wconf 85' lang='lat' dir='ltr'><strong>propria</strong></span> <span class='ocrx_word' id='word_1_236' title='bbox 1137 1981 1366 2033; x_wconf 84' lang='lat' dir='ltr'><strong>significatio</strong></span> <span class='ocrx_word' id='word_1_237' title='bbox 1405 1980 1570 2018; x_wconf 87' lang='lat' dir='ltr'><strong>retineri</strong></span> <span class='ocrx_word' id='word_1_238' title='bbox 1599 1989 1738 2032; x_wconf 90' lang='lat' dir='ltr'><strong>potest,</strong></span> <span class='ocrx_word' id='word_1_239' title='bbox 1768 1993 1887 2032; x_wconf 89' lang='lat' dir='ltr'><strong>quum</strong></span> <span class='ocrx_word' id='word_1_240' title='bbox 1918 1992 2051 2016; x_wconf 84' lang='lat' dir='ltr'><strong>sensus</strong></span> <span class='ocrx_word' id='word_1_241' title='bbox 2081 1979 2141 2024; x_wconf 85' lang='lat' dir='ltr'><strong>sit,</strong></span> 
     </span>
     <span class='ocr_line' id='line_1_26' title="bbox 289 2049 2141 2105; baseline -0.004 -13"><span class='ocrx_word' id='word_1_242' title='bbox 289 2068 420 2093; x_wconf 89' lang='lat' dir='ltr'><strong>remos</strong></span> <span class='ocrx_word' id='word_1_243' title='bbox 449 2055 501 2091; x_wconf 86' lang='lat' dir='ltr'><strong>ita</strong></span> <span class='ocrx_word' id='word_1_244' title='bbox 527 2054 687 2091; x_wconf 87' lang='lat' dir='ltr'><strong>navibus</strong></span> <span class='ocrx_word' id='word_1_245' title='bbox 717 2064 759 2091; x_wconf 89' lang='lat' dir='ltr'><strong>ut</strong></span> <span class='ocrx_word' id='word_1_246' title='bbox 798 2067 948 2105; x_wconf 85' lang='lat' dir='ltr'><strong>pennas</strong></span> <span class='ocrx_word' id='word_1_247' title='bbox 985 2052 1118 2090; x_wconf 83' lang='lat' dir='ltr'><strong>avibus</strong></span> <span class='ocrx_word' id='word_1_248' title='bbox 1162 2050 1370 2089; x_wconf 84' lang='lat' dir='ltr'><strong>celeritatis</strong></span> <span class='ocrx_word' id='word_1_249' title='bbox 1410 2050 1674 2088; x_wconf 84' lang='lat' dir='ltr'><strong>adiumentum</strong></span> <span class='ocrx_word' id='word_1_250' title='bbox 1708 2064 1805 2088; x_wconf 91' lang='lat' dir='ltr'><strong>esse.</strong></span> <span class='ocrx_word' id='word_1_251' title='bbox 1865 2051 2058 2102; x_wconf 88' lang='lat' dir='ltr'><strong>Perquam</strong></span> <span class='ocrx_word' id='word_1_252' title='bbox 2089 2049 2141 2086; x_wconf 85' lang='lat' dir='ltr'><strong>si-</strong></span> 
     </span>
     <span class='ocr_line' id='line_1_27' title="bbox 288 2118 2142 2175; baseline -0.002 -14"><span class='ocrx_word' id='word_1_253' title='bbox 288 2121 391 2161; x_wconf 87' lang='lat' dir='ltr'><strong>milis</strong></span> <span class='ocrx_word' id='word_1_254' title='bbox 423 2132 480 2160; x_wconf 91' lang='lat' dir='ltr'><strong>est</strong></span> <span class='ocrx_word' id='word_1_255' title='bbox 505 2120 616 2160; x_wconf 91' lang='lat' dir='ltr'><strong>locus</strong></span> <span class='ocrx_word' id='word_1_256' title='bbox 646 2120 724 2160; x_wconf 87' lang='lat' dir='ltr'><strong>Od.</strong></span> <span class='ocrx_word' id='word_1_257' title='bbox 754 2119 795 2167; x_wconf 78' lang='grc'><strong>4,</strong></span> <span class='ocrx_word' id='word_1_258' title='bbox 826 2123 937 2170; x_wconf 79' lang='lat'>7083</span> <span class='ocrx_word' id='word_1_259' title='bbox 967 2121 1022 2158; x_wconf 89' lang='lat' dir='ltr'><strong>ibi</strong></span> <span class='ocrx_word' id='word_1_260' title='bbox 1048 2120 1249 2175; x_wconf 88' lang='lat' dir='ltr'><strong>Penelope</strong></span> <span class='ocrx_word' id='word_1_261' title='bbox 1278 2121 1329 2160; x_wconf 90' lang='lat' dir='ltr'><strong>de</strong></span> <span class='ocrx_word' id='word_1_262' title='bbox 1360 2120 1440 2161; x_wconf 83' lang='lat' dir='ltr'><strong>filio</strong></span> <span class='ocrx_word' id='word_1_263' title='bbox 1466 2121 1628 2160; x_wconf 84' lang='lat' dir='ltr'><strong>absente</strong></span> <span class='ocrx_word' id='word_1_264' title='bbox 1653 2120 1816 2160; x_wconf 88' lang='lat' dir='ltr'><strong>sollicita</strong></span> <span class='ocrx_word' id='word_1_265' title='bbox 1843 2135 1958 2160; x_wconf 88' lang='lat' dir='ltr'><strong>naves</strong></span> <span class='ocrx_word' id='word_1_266' title='bbox 1988 2118 2142 2165; x_wconf 85' lang='grc' dir='ltr'><strong>ἵππους</strong></span> 
     </span>
     <span class='ocr_line' id='line_1_28' title="bbox 291 2190 2142 2248; baseline -0.002 -16"><span class='ocrx_word' id='word_1_267' title='bbox 291 2190 394 2238; x_wconf 84' lang='grc' dir='ltr'><strong><em>ἁλός</em></strong></span> <span class='ocrx_word' id='word_1_268' title='bbox 427 2203 557 2242; x_wconf 80' lang='lat' dir='ltr'><strong>vocat3</strong></span> <span class='ocrx_word' id='word_1_269' title='bbox 588 2193 634 2232; x_wconf 90' lang='lat' dir='ltr'><strong>cf.</strong></span> <span class='ocrx_word' id='word_1_270' title='bbox 664 2192 903 2232; x_wconf 86' lang='lat' dir='ltr'><strong>Nitzschium</strong></span> <span class='ocrx_word' id='word_1_271' title='bbox 933 2192 982 2232; x_wconf 89' lang='lat' dir='ltr'><strong>ad</strong></span> <span class='ocrx_word' id='word_1_272' title='bbox 1008 2193 1046 2233; x_wconf 87' lang='lat' dir='ltr'><strong>h.</strong></span> <span class='ocrx_word' id='word_1_273' title='bbox 1072 2192 1098 2231; x_wconf 87' lang='lat' dir='ltr'><strong>l.</strong></span> <span class='ocrx_word' id='word_1_274' title='bbox 1130 2195 1198 2248; x_wconf 86' lang='lat' dir='ltr'><strong>qui</strong></span> <span class='ocrx_word' id='word_1_275' title='bbox 1229 2207 1309 2233; x_wconf 90' lang='lat' dir='ltr'><strong>non</strong></span> <span class='ocrx_word' id='word_1_276' title='bbox 1349 2204 1423 2231; x_wconf 91' lang='lat' dir='ltr'><strong>tam</strong></span> <span class='ocrx_word' id='word_1_277' title='bbox 1455 2206 1576 2248; x_wconf 89' lang='lat' dir='ltr'><strong>equos</strong></span> <span class='ocrx_word' id='word_1_278' title='bbox 1598 2207 1715 2247; x_wconf 84' lang='lat' dir='ltr'><strong>quam</strong></span> <span class='ocrx_word' id='word_1_279' title='bbox 1741 2206 1876 2231; x_wconf 81' lang='lat' dir='ltr'><strong>currus</strong></span> <span class='ocrx_word' id='word_1_280' title='bbox 1916 2190 2142 2245; x_wconf 85' lang='lat' dir='ltr'><strong>cogitandos</strong></span> 
     </span>
     <span class='ocr_line' id='line_1_29' title="bbox 295 2263 2141 2320; baseline -0.002 -17"><span class='ocrx_word' id='word_1_281' title='bbox 295 2279 379 2304; x_wconf 89' lang='lat' dir='ltr'><strong>esse</strong></span> <span class='ocrx_word' id='word_1_282' title='bbox 409 2264 538 2304; x_wconf 90' lang='lat' dir='ltr'><strong>docet.</strong></span> <span class='ocrx_word' id='word_1_283' title='bbox 600 2265 650 2302; x_wconf 89' lang='lat' dir='ltr'><strong>In</strong></span> <span class='ocrx_word' id='word_1_284' title='bbox 694 2263 769 2304; x_wconf 88' lang='lat' dir='ltr'><strong>alio</strong></span> <span class='ocrx_word' id='word_1_285' title='bbox 812 2265 992 2318; x_wconf 81' lang='lat' dir='ltr'><strong>exemplo</strong></span> <span class='ocrx_word' id='word_1_286' title='bbox 1032 2265 1331 2320; x_wconf 85' lang='lat' dir='ltr'><strong>comparationis</strong></span> <span class='ocrx_word' id='word_1_287' title='bbox 1373 2281 1393 2303; x_wconf 92' lang='lat' dir='ltr'><strong>a</strong></span> <span class='ocrx_word' id='word_1_288' title='bbox 1424 2280 1556 2318; x_wconf 83' lang='lat' dir='ltr'><strong>penna</strong></span> <span class='ocrx_word' id='word_1_289' title='bbox 1588 2264 1726 2304; x_wconf 89' lang='lat' dir='ltr'><strong>ductae</strong></span> <span class='ocrx_word' id='word_1_290' title='bbox 1770 2263 1897 2302; x_wconf 87' lang='lat' dir='ltr'><strong>adhuc</strong></span> <span class='ocrx_word' id='word_1_291' title='bbox 1929 2263 2141 2308; x_wconf 76' lang='lat' dir='ltr'><strong>dubitatur,</strong></span> 
     </span>
     <span class='ocr_line' id='line_1_30' title="bbox 292 2334 2142 2391; baseline -0.002 -18"><span class='ocrx_word' id='word_1_292' title='bbox 292 2347 420 2374; x_wconf 88' lang='lat' dir='ltr'><strong>utrum</strong></span> <span class='ocrx_word' id='word_1_293' title='bbox 467 2337 708 2389; x_wconf 88' lang='lat' dir='ltr'><strong>comparatio</strong></span> <span class='ocrx_word' id='word_1_294' title='bbox 748 2350 797 2373; x_wconf 83' lang='lat' dir='ltr'><strong>au</strong></span> <span class='ocrx_word' id='word_1_295' title='bbox 833 2338 1063 2391; x_wconf 80' lang='lat' dir='ltr'><strong>metaphora</strong></span> <span class='ocrx_word' id='word_1_296' title='bbox 1102 2338 1150 2376; x_wconf 85' lang='lat' dir='ltr'><strong>sit</strong></span> <span class='ocrx_word' id='word_1_297' title='bbox 1188 2335 1381 2377; x_wconf 82' lang='lat' dir='ltr'><strong>habenda.</strong></span> <span class='ocrx_word' id='word_1_298' title='bbox 1442 2336 1487 2377; x_wconf 86' lang='lat'><strong>11.</strong></span> <span class='ocrx_word' id='word_1_299' title='bbox 1527 2336 1590 2382; x_wconf 87' lang='lat'><strong>19,</strong></span> <span class='ocrx_word' id='word_1_300' title='bbox 1626 2335 1712 2377; x_wconf 82' lang='grc'><strong>386</strong></span> <span class='ocrx_word' id='word_1_301' title='bbox 1755 2334 1929 2375; x_wconf 81' lang='lat' dir='ltr'><strong>Achilles</strong></span> <span class='ocrx_word' id='word_1_302' title='bbox 1960 2342 2142 2387; x_wconf 83' lang='lat' dir='ltr'><strong>expertus</strong></span> 
     </span>
     <span class='ocr_line' id='line_1_31' title="bbox 294 2403 2141 2461; baseline -0.002 -16"><span class='ocrx_word' id='word_1_303' title='bbox 294 2418 385 2452; x_wconf 86' lang='lat' dir='ltr'><strong>erat,</strong></span> <span class='ocrx_word' id='word_1_304' title='bbox 417 2422 512 2445; x_wconf 85' lang='lat' dir='ltr'><strong>num</strong></span> <span class='ocrx_word' id='word_1_305' title='bbox 538 2420 637 2446; x_wconf 88' lang='lat' dir='ltr'><strong>nova</strong></span> <span class='ocrx_word' id='word_1_306' title='bbox 668 2405 834 2445; x_wconf 86' lang='lat' dir='ltr'><strong>Vulcani</strong></span> <span class='ocrx_word' id='word_1_307' title='bbox 870 2419 954 2446; x_wconf 88' lang='lat' dir='ltr'><strong>arte</strong></span> <span class='ocrx_word' id='word_1_308' title='bbox 987 2408 1086 2447; x_wconf 81' lang='lat' dir='ltr'><strong>sacta</strong></span> <span class='ocrx_word' id='word_1_309' title='bbox 1131 2424 1236 2447; x_wconf 84' lang='lat' dir='ltr'><strong>arma</strong></span> <span class='ocrx_word' id='word_1_310' title='bbox 1280 2408 1355 2446; x_wconf 81' lang='lat' dir='ltr'><strong>sibi</strong></span> <span class='ocrx_word' id='word_1_311' title='bbox 1385 2417 1497 2461; x_wconf 85' lang='lat' dir='ltr'><strong>aptae</strong></span> <span class='ocrx_word' id='word_1_312' title='bbox 1536 2419 1667 2446; x_wconf 80' lang='lat' dir='ltr'><strong>essent</strong></span> <span class='ocrx_word' id='word_1_313' title='bbox 1696 2418 1736 2446; x_wconf 90' lang='lat' dir='ltr'><strong>et</strong></span> <span class='ocrx_word' id='word_1_314' title='bbox 1763 2406 1933 2445; x_wconf 88' lang='lat' dir='ltr'><strong>liberum</strong></span> <span class='ocrx_word' id='word_1_315' title='bbox 1965 2403 2141 2458; x_wconf 81' lang='lat' dir='ltr'><strong>corpon‘s</strong></span> 
     </span>
     <span class='ocr_line' id='line_1_32' title="bbox 291 2478 1148 2533; baseline 0.002 -16"><span class='ocrx_word' id='word_1_316' title='bbox 291 2491 400 2518; x_wconf 83' lang='lat' dir='ltr'><strong>usum</strong></span> <span class='ocrx_word' id='word_1_317' title='bbox 426 2478 716 2532; x_wconf 68' lang='lat' dir='ltr'><strong>pei-mineram</strong></span> <span class='ocrx_word' id='word_1_318' title='bbox 741 2487 821 2517; x_wconf 88' lang='lat' dir='ltr'><strong>tum</strong></span> <span class='ocrx_word' id='word_1_319' title='bbox 849 2489 969 2532; x_wconf 81' lang='lat' dir='ltr'><strong>poeta</strong></span> <span class='ocrx_word' id='word_1_320' title='bbox 997 2480 1148 2533; x_wconf 55' lang='lat' dir='ltr'><strong>pergit}</strong></span> 
     </span>
    </p>
   </div>
   <div class='ocr_carea' id='block_1_3' title="bbox 521 2542 1722 2604">
    <p class='ocr_par' dir='ltr' id='par_1_6' title="bbox 521 2542 1722 2604">
     <span class='ocr_line' id='line_1_33' title="bbox 521 2542 1722 2604; baseline 0.003 -20"><span class='ocrx_word' id='word_1_321' title='bbox 521 2548 582 2599; x_wconf 72' lang='grc' dir='ltr'><strong>τῷ</strong></span> <span class='ocrx_word' id='word_1_322' title='bbox 610 2542 653 2585; x_wconf 76' lang='grc' dir='ltr'><strong>δ’</strong></span> <span class='ocrx_word' id='word_1_323' title='bbox 680 2542 774 2586; x_wconf 76' lang='grc' dir='ltr'><strong>εὖτε</strong></span> <span class='ocrx_word' id='word_1_324' title='bbox 805 2545 942 2603; x_wconf 71' lang='grc' dir='ltr'><strong><em>πτερὰ</em></strong></span> <span class='ocrx_word' id='word_1_325' title='bbox 971 2545 1135 2601; x_wconf 71' lang='grc' dir='ltr'><strong>γίγνετ’,</strong></span> <span class='ocrx_word' id='word_1_326' title='bbox 1161 2544 1274 2604; x_wconf 75' lang='grc' dir='ltr'><strong><em>ἄειρε</em></strong></span> <span class='ocrx_word' id='word_1_327' title='bbox 1303 2542 1351 2587; x_wconf 76' lang='grc' dir='ltr'><strong>δὲ</strong></span> <span class='ocrx_word' id='word_1_328' title='bbox 1382 2545 1566 2599; x_wconf 74' lang='grc' dir='ltr'><strong><em>ποιμένα</em></strong></span> <span class='ocrx_word' id='word_1_329' title='bbox 1595 2546 1722 2588; x_wconf 72' lang='grc' dir='ltr'><strong><em>λαῶν.</em></strong></span> 
     </span>
    </p>
   </div>
  </div>
 </body>
</html>
