2360 3051
1042 316 1329 357 ...30—

272 433 603 488 comp-rationem
644 430 726 469 Od.
758 431 823 477 12,
851 429 936 471 ⁴33
979 442 1019 470 et
1045 429 1097 469 ad
1141 431 1438 485 explicatiorem
1466 431 1545 473 Od.
1571 431 1638 481 24,
1669 433 1696 473 6
1733 448 1823 473 usus
1865 444 1940 473 est.
2009 433 2119 473 Inter

273 504 583 560 comparationes
628 518 651 542 a
678 503 797 542 rebus
836 514 994 542 naturae
1024 503 1240 542 inanimatis
1279 503 1507 558 depromtas
1537 517 1618 543 non
1647 506 1836 543 minorem
1863 506 2019 560 copiam
2047 520 2119 544 eo-

273 574 540 630 demduplici
563 573 689 613 vmodo
719 573 968 613 formatarum
997 573 1242 613 offendimus.
1302 575 1368 614 Sic
1397 575 1602 629 fulgur,
1636 576 1742 613 cuius
1767 592 1877 615 usum
1907 577 2118 631 metapho-

271 650 398 687 ricum
428 661 545 701 supra
577 645 915 692 consideravimus,
946 646 995 684 ad
1025 646 1243 700 simplicem
1275 646 1606 700 comparationem
1634 645 1851 685 adhibitum
1880 660 1937 686 est
1965 647 2010 688 ll.
2048 651 2117 699 11,

273 719 342 765 65,
372 718 420 756 ad
452 718 742 771 explicatiorem
771 717 814 754 ΙΙ.
851 718 914 762 13,
942 716 1036 755 242.
1096 717 1206 757 Idem
1247 718 1389 754 sactum
1432 726 1490 754 est
1521 731 1608 754 cum
1642 731 1760 754 arcu
1792 713 2033 768 co2elesti,
2064 717 2118 756 cf.

273 787 318 826 Il.
349 788 481 832 11,27
517 801 604 825 cum
636 786 679 824 Il.
699 789 761 831 17,
778 785 872 825 547.
931 787 1080 824 Eadem
1107 786 1243 824 videre
1274 787 1365 824 licet
1392 787 1442 824 de
1471 798 1643 831 vento,
1676 787 1723 825 cf.
1756 787 1799 822 Il.
1823 788 1887 831 19,
1918 786 2016 832 415,
2047 789 2116 824 ubi

275 856 569 912 explicatiorem
611 858 939 911 comparationem
970 856 1170 902 invenies,
1212 867 1250 894 et
1290 855 1368 894 Od.
1400 857 1440 901 6,
1470 857 1546 901 20,
1593 857 1660 893 ubi
1697 856 1985 909 simplicissime
2031 871 2120 894 cum

273 938 387 966 vento
420 937 767 980 comparatur3'ex
798 928 939 981 quibus
971 926 1325 980 comparationibus
1356 924 1544 978 colligere
1575 925 1689 972 licet,
1720 940 1798 965 non
1831 928 1956 966 minus
1988 942 2121 966 veram

274 1000 606 1051 comparationem
638 1000 830 1037 contineri
861 997 1027 1036 formula
1047 996 1113 1034 illa
1143 991 1237 1047 ἅμα
1268 995 1409 1050 πνοιῇς
1439 992 1623 1047 α’νέμοιο.
1683 997 1784 1034 Tum
1815 997 1863 1034 ab
1891 999 2005 1051 igne
2037 1012 2121 1036 sae-

273 1072 360 1123 pius
392 1070 700 1123 comparationes
730 1069 929 1121 simplices
961 1068 1100 1106 ductae
1130 1077 1229 1112 sunt,
1263 1077 1305 1104 ut
1333 1066 1376 1105 Il.
1399 1069 1463 1110 11,
1481 1065 1585 1113 5963
1620 1068 1681 1111 13,
1695 1065 1800 1115 674;
1835 1070 1898 1115 17,
1911 1068 2007 1116 366,
2022 1070 2121 1115 565,

274 1150 313 1179 et
343 1138 456 1178 simul
487 1140 535 1177 ab
569 1139 711 1177 eodem
744 1140 831 1192 igne
861 1154 965 1177 nunc
995 1139 1135 1175 urbem
1165 1153 1271 1175 nunc
1301 1138 1435 1174 silvam
1465 1137 1698 1175 devastantis
1732 1141 1871 1191 petitas
1897 1139 2120 1176 similitudi-

272 1225 342 1248 nes
371 1208 593 1263 praeclaras
623 1209 810 1246 babemus
839 1208 883 1245 ll.
918 1210 982 1253 17,
1014 1208 1098 1249 736
1129 1218 1167 1245 et
1205 1207 1250 1245 Il.
1282 1211 1345 1253 11,
1381 1209 1473 1247 155.
1542 1209 1682 1246 Fumi
1713 1210 1839 1262 imago
1870 1209 2036 1261 simplex
2064 1221 2124 1247 est

274 1279 319 1317 11.
354 1280 418 1324 18,
454 1280 550 1327 ¹093
576 1280 645 1325 23,
680 1280 771 1323 100,
802 1277 851 1315 ad
881 1276 1172 1315 similitudinem
1212 1277 1336 1315 efficta
1366 1277 1410 1315 Il.
1443 1279 1510 1322 21,
1544 1278 1648 1325 522,
1686 1278 1733 1317 cf.
1771 1279 1834 1324 18,
1867 1280 1961 1318 207.
2023 1280 2123 1317 Cum

274 1360 438 1387 monte
468 1348 699 1402 simpliciter
729 1358 975 1401 comparatur
1003 1347 1048 1384 Il.
1085 1350 1147 1393 13,
1174 1348 1278 1396 754;
1305 1347 1383 1385 Od.
1419 1349 1482 1393 10,
1517 1349 1609 1393 113,
1641 1348 1893 1400 explicatiore
1923 1348 2121 1402 simulque

276 1420 483 1457 obscuram
515 1419 846 1471 comparationem
875 1416 1019 1454 nudam
1061 1416 1266 1455 illustranti
1297 1417 1419 1455 forma
1447 1417 1524 1455 Od.
1547 1418 1586 1463 9,
1608 1419 1700 1457 191.
1760 1419 1989 1457 Arbores
2019 1433 2120 1456 cae-

276 1503 360 1526 sae
390 1487 623 1541 simpliciter
653 1501 740 1525 cum
777 1478 962 1524 heroibus
994 1487 1340 1539 procumbentibus
1386 1499 1662 1541 comparantur
1691 1488 1734 1526 ΙΙ.
1767 1491 1805 1535 5,
1838 1488 1935 1536 554,
1966 1491 2124 1544 saepius

276 1570 404 1598 autem
436 1558 575 1597 eadem
605 1559 732 1611 imago
763 1558 974 1595 maioribus
1018 1555 1370 1607 comparationibus
1405 1565 1749 1607 repraesentatur,
1779 1566 1822 1593 ut
1847 1555 1892 1593 Il.
1928 1556 1992 1601 13,
2023 1557 2127 1604 3883

281 1629 345 1675 14,
374 1627 475 1677 4143
510 1629 573 1673 16,
605 1627 700 1668 482.
764 1627 1012 1679 Comparatio
1043 1625 1302 1677 germinis
1344 1624 1394 1661 de
1422 1639 1501 1676 quo
1542 1640 1662 1677 supra
1694 1625 1838 1663 dictum
1873 1637 1931 1663 est
1959 1626 2129 1681 simplex

279 1708 338 1739 cst
367 1698 412 1738 Il.
445 1699 509 1746 18,
541 1698 607 1745 56,
637 1698 859 1738 exornatior
888 1697 931 1736 Il.
968 1703 1032 1743 17,
1060 1697 1136 1743 53;
1166 1695 1242 1733 Od.
1270 1695 1308 1740 6,
1344 1695 1437 1735 160.
1507 1698 1691 1749 Denique
1732 1713 1753 1734 a
1783 1697 1927 1735 soliis
1958 1699 2127 1751 simplex

276 1771 397 1823 petita
424 1771 661 1822 comparatio
689 1780 746 1806 est
774 1768 815 1807 ll.
847 1770 914 1813 21,
940 1766 1038 1812 464,
1072 1764 1300 1818 explicatior
1330 1765 1371 1802 [l.
1405 1766 1444 1812 6,
1482 1765 1573 1807 146.

365 1840 411 1876 In
431 1838 618 1892 exemplis
637 1837 822 1876 hactenus
839 1836 961 1874 allatis
976 1836 1126 1889 duplici
1142 1835 1259 1874 modo
1275 1851 1391 1874 unam
1406 1851 1492 1875 rem
1512 1837 1562 1876 ad
1582 1839 1893 1892 comparationes
1910 1837 2126 1877 adhibitam

278 1911 456 1955 vidimus,
487 1911 527 1946 in
557 1911 604 1947 iis
631 1923 731 1962 quae
761 1923 864 1946 nunc
894 1908 1093 1960 proferam
1125 1906 1291 1944 eandem
1322 1922 1408 1946 rem
1435 1923 1507 1962 per
1532 1920 1608 1948 tres
1640 1910 1772 1949 saltem
1801 1910 1943 1965 gradus
1968 1910 2128 1950 ductam

279 1982 575 2033 conspiciemus.
645 1980 710 2018 Sic
747 1980 926 2017 Martis
963 1977 1259 2016 bellatoris
1299 1980 1424 2031 imago
1465 1995 1581 2032 quam
1621 1982 1762 2033 passim
1802 1981 2129 2035 simplicissimam

280 2050 524 2096 offendimus,
558 2049 781 2090 exornatior
811 2060 869 2088 est
896 2048 940 2095 ll,
974 2051 1011 2095 7,
1027 2049 1122 2094 208,
1148 2048 1198 2087 ad
1229 2050 1444 2102 perfectam
1477 2066 1571 2090 vcro
1601 2052 1897 2090 similitudinem
1928 2052 2124 2090 elaborata

279 2122 326 2159 ll.
362 2123 425 2167 13,
456 2122 554 2164 298.
613 2121 766 2159 Eodem
803 2119 920 2159 modo
963 2133 1036 2173 per
1066 2130 1145 2158 tres
1176 2119 1317 2172 gradus
1351 2119 1466 2160 ducta
1510 2133 1569 2160 est
1609 2124 1846 2175 comparatio
1878 2124 1926 2161 ab
1957 2123 2126 2160 hastae

278 2195 415 2230 iactu
444 2193 577 2244 petita,
605 2192 651 2229 cf.
682 2191 729 2228 11.
763 2193 829 2235 21,
857 2193 960 2238 2513
991 2192 1053 2234 15,
1086 2191 1190 2238 3585
1225 2190 1292 2237 16,
1308 2191 1406 2231 589.
1465 2191 1529 2229 Ad
1561 2191 1770 2230 celeritatis
1802 2192 1962 2229 eximiae
1996 2191 2124 2229 notio-

278 2278 371 2301 nem
402 2262 694 2316 exprimendam
726 2262 1002 2314 accipitris
1034 2262 1200 2313 imagine
1230 2273 1347 2313 poeta
1378 2262 1663 2314 simplicissime
1697 2264 1813 2300 utitur
1858 2262 1903 2299 11.
1936 2263 1997 2306 13,
2027 2262 2126 2305 819,

281 2331 421 2371 eadem
452 2331 569 2384 paulo
600 2332 772 2370 ornatior
798 2341 857 2369 cst
887 2330 933 2368 ll.
969 2330 1033 2376 15,
1055 2331 1161 2378 ‘2373
1198 2330 1263 2374 16,
1278 2334 1375 2378 582,
1406 2332 1456 2370 ad
1490 2332 1784 2371 similitudinem
1813 2331 1964 2371 accedit
1994 2331 2041 2369 ll.
2062 2332 2128 2375 13,

279 2403 348 2450 62,
381 2403 430 2443 cf.
460 2401 539 2440 Od·
570 2403 641 2454 22,
667 2404 768 2444 30¹2.
828 2402 916 2440 Pari
946 2401 1066 2441 modo
1090 2417 1177 2440 cum
1207 2403 1382 2456 aquila
1412 2404 1643 2459 simpliciter
1673 2413 1916 2457 comparatur
1942 2401 2022 2439 Od.
2057 2400 2129 2453 24,

280 2473 381 2522 5383
411 2472 457 2515 Il.
489 2474 554 2519 22,
585 2473 688 2522 308;
718 2472 946 2527 explicatius
977 2473 1022 2513 ll.
1054 2475 1121 2520 22,
1137 2475 1247 2523 3083
1280 2474 1453 2514 eiusdem
1484 2477 1588 2514 acies
1617 2475 1818 2514 oculorum
1848 2474 1991 2525 insigni
2022 2474 2131 2510 simi-

278 2543 447 2597 litudine
476 2544 690 2583 illustratur
719 2543 766 2583 ll.
801 2546 864 2591 17,
895 2543 994 2586 674.
1066 2545 1286 2585 Piscium
1317 2547 1464 2586 retibus
1496 2545 1557 2585 vel
1596 2545 1711 2583 hamo
1742 2554 1948 2598 captorum
1977 2544 2133 2598 simpli-

275 2630 363 2654 cem
396 2617 721 2669 comparationem
741 2616 974 2672 *invenimus
1017 2616 1065 2654 11.
1089 2616 1128 2661 5,
1159 2613 1257 2662 487,
1289 2614 1578 2668 explicatiorem
1620 2613 1667 2652 ll.
1703 2614 1768 2660 16,
1801 2612 1899 2660 406,
1931 2614 2132 2653 ornatissi-
