2360 3051
1032 307 1091 316 —
1149 289 1326 328 ἰτ-ι

255 403 331 442 dae
358 401 471 443 classi
495 403 641 449 subiici
669 411 787 455 posse
820 400 1048 446 videantur,
1094 399 1167 438 etsi
1198 399 1274 439 alio
1304 414 1422 455 qum
1454 414 1575 454 quem
1608 400 1737 439 adhuc
1779 398 2106 440 consideravimus

252 474 374 515 nodo
403 476 564 513 omne
591 471 655 512 vel
678 471 892 511 illustratae
922 482 1022 510 sunt.
1081 466 1280 520 Quamdiu
1308 473 1413 510 enim
1443 473 1724 524 comparationi
1759 486 1870 510 suum
1899 474 2107 525 proprium

251 545 429 585 verbum*
448 541 570 590 deest,
600 554 682 597 qno
712 542 821 597 quiesi
837 540 1067 597 praedicato
1092 541 1331 596 conparatio
1362 542 1439 581 vim
1467 541 1801 582 etauctoritatem
1818 543 2006 583 enuntiati
2031 557 2109 597 per

251 628 295 654 sc
323 615 533 653 constantis
563 614 728 659 obtinet,
756 622 911 652 nonest
939 612 1048 667 quod
1062 613 1470 667 camasuperioribus
1501 612 1691 666 exemplis
1723 626 1984 667 segregemus,
2013 613 2109 653 licet

251 685 362 724 aliter
395 696 435 724 et
469 685 651 740 pluribus
688 684 960 723 additamentis
998 686 1047 722 sit
1077 677 1277 739 explicata.
1335 685 1530 723 Brevioris
1560 684 1706 723 formae
1737 684 2108 738 exemplum'unum

249 758 421 811 praebet
439 756 529 795 Ilias
546 758 610 803 17,
643 755 739 803 542,
769 756 839 794 ubi
854 754 1103 794 Automedon
1119 756 1263 794 exuviis
1275 755 1442 794 cruentis
1472 756 1663 810 impositis
1692 762 1848 793 currum'
1880 755 2108 794 conscendit

596 824 833 878 αἱματόεις,
863 822 913 871 ὥς
941 823 1007 870 τίς
1031 832 1080 864 τε
1109 824 1213 865 λέων
1241 825 1356 864 κατὰ
1382 828 1542 880 ταῦρον
1571 821 1735 874 ἐδηδώς,

249 898 411 938 alterum
442 898 619 952 Odyssea
649 901 720 941 21,
739 896 827 946 ‘483
851 899 906 935 ibi
937 908 1051 950 porta
1080 901 1216 951 a'perta
1245 897 1440 951 fragorem
1475 898 1594 937 dabat
1617 894 1716 943 ἠΰτε
1753 899 1919 952 ταῦρος,
1949 895 2107 951 βοσκό-

248 981 370 1020 μενος
408 967 591 1020 λειμῶνι.
664 968 974 1022 Explicatiorum
1015 971 1112 1007 vero
1151 967 1266 1007 huius
1304 970 1461 1022 generis
1500 970 1832 1022 comparationum
1872 968 2098 1022 exemplum

246 1053 366 1076 unum
397 1039 520 1076 hahes
551 1039 592 1075 in
624 1037 763 1076 eadem
794 1037 973 1091 Odyssea
1006 1040 1082 1084 11,
1112 1037 1211 1083 412,
1252 1037 1320 1074 ubi
1354 1040 1606 1091 Agamemno,
1644 1050 1850 1092 postquam
1888 1053 1995 1078 suam
2030 1052 2105 1092 per

246 1108 475 1162 Aegisthum
504 1109 546 1145 in
576 1122 696 1146 caena
726 1108 862 1146 factam
896 1107 1060 1146 caedem
1086 1107 1247 1153 rettulit,
1278 1108 1329 1144 ita
1355 1108 1504 1161 pergit:

972 1174 1067 1230 περὶ
1098 1173 1141 1214 δ’
1171 1173 1299 1214 ἄλλοι
1331 1176 1498 1231 ἑταῖροι

588 1242 796 1298 νωλεμέως
825 1243 1055 1295 κτείνοντο,
1087 1247 1186 1292 σύες
1214 1241 1265 1293 ὃς
1295 1241 1589 1301 α’ργιοόδοντες

588 1312 631 1357 οἵ
660 1315 718 1372 ῥά
748 1316 791 1357 τ’
819 1318 863 1358 ἐν
893 1316 1077 1373 α’φνειοῢ
1102 1314 1257 1374 ἀνδρὸς
1281 1315 1388 1371 μέγα
1413 1312 1668 1368 δυναμένοιο

588 1384 612 1433 ἢ
641 1387 759 1441 γάμῳ
790 1385 814 1434 ἢ
844 1387 976 1442 ἐράνῳ
1002 1386 1026 1435 ἢ
1051 1386 1250 1444 εἰλαπίνη
1278 1386 1500 1443 τεθαλυίῃ.

241 1459 362 1498 Aliud
394 1459 617 1513 exemplum
649 1469 707 1498 est
734 1459 782 1498 ΙΙ.
814 1460 882 1507 23,
913 1462 1009 1507 712,
1037 1461 1107 1500 ubi
1119 1460 1280 1514 Ulysses
1313 1471 1351 1498 et
1379 1460 1475 1498 Aiax
1510 1459 1717 1513 complexu
1751 1474 1791 1499 se
1822 1460 1989 1499 invicem
2019 1474 2099 1498 ma-

243 1530 357 1568 nibus
388 1530 563 1568 robustis
596 1530 884 1581 corripuerunt,

589 1597 641 1644 ὧς
669 1594 736 1638 ὅτ’
768 1596 1026 1653 ἀμείβοντες,
1051 1597 1202 1644 τούςτε
1231 1597 1387 1644 κλυτὸς
1416 1595 1542 1654 ἤραρε
1567 1597 1737 1648 τέκτων,
1776 1607 1778 1609 ’

590 1663 789 1720 δώματος
816 1668 1013 1719 ὑψηλοῖο,
1043 1666 1141 1723 βίας
1170 1665 1333 1721 α’νέμων
1360 1666 1566 1711 ἀλεείνων.
1951 1702 1954 1704 >

245 1741 305 1781 Cf.
335 1740 380 1778 11.
407 1741 445 1787 8,
462 1740 566 1789 306;
597 1741 664 1786 23,
693 1740 792 1781 598.
850 1741 935 1778 Nisi
963 1742 1004 1777 in
1033 1741 1094 1777 his
1124 1740 1477 1792 comparationibus
1507 1741 1672 1779 verbum
1695 1739 1964 1793 supplendum
1980 1751 2092 1786 esset,

243 1811 342 1849 nihil
371 1811 591 1849 dubitarem
622 1825 685 1849 eas
715 1812 899 1864 sequenti
930 1811 1043 1849 classi
1079 1811 1289 1856 subiicere,
1321 1810 1372 1848 ad
1401 1825 1518 1863 quam
1555 1825 1673 1849 nnnc*
1703 1811 1947 1858 accedamus,
1984 1821 2094 1865 post-

245 1897 363 1934 quam
393 1896 512 1920 unum
538 1883 580 1919 in
611 1880 716 1920 calce
745 1882 993 1934 posuerimus
1027 1882 1249 1934 exemplum
1289 1882 1588 1934 comparationis
1626 1881 1863 1934 explicatae,
1903 1883 2010 1920 cuius
2042 1883 2094 1919 si-

245 1952 337 1990 mile
364 1950 472 1990 aliud
502 1950 676 1990 nondum
707 1950 891 2005 indagare
922 1951 1017 1990 mihi
1048 1953 1219 2006 contigit.
1278 1953 1432 1992 Omisso
1466 1953 1571 1991 enim
1600 1952 1756 1990 nomine
1782 1953 1842 1991 rei
1867 1954 1909 1991 in
1938 1967 2096 2006 compa-

245 2023 437 2060 ratione-m
465 2023 603 2061 allatae
633 2034 710 2060 tam
738 2024 855 2061 certis
884 2022 1038 2060 indiciis
1070 2022 1282 2076 descriptio
1322 2023 1423 2061 sacta
1456 2033 1524 2068 est,
1563 2033 1604 2061 ut
1636 2024 1697 2060 rei
1736 2024 1858 2076 ipsius
1887 2024 2030 2060 mentio
2073 2037 2094 2060 a

245 2092 354 2132 nullo
402 2091 663 2132 desideretur.
732 2091 781 2129 ll.
822 2094 860 2138 5,
900 2092 1004 2133 ‘287'
1029 2093 1245 2147 Sarpedon
1283 2095 1492 2133 Hectorem
1542 2093 1721 2132 desidem
1761 2095 1987 2132 incitaturus
2026 2093 2095 2131 ad-

245 2163 436 2210 hortatur,
465 2174 509 2201 ut
537 2173 671 2201 caveat

594 2234 747 2284 μήπως,
777 2232 828 2278 ὦς
859 2232 991 2282 ἀψῖσι
1016 2231 1137 2272 λίνου
1162 2231 1316 2271 ἁλόντε
1348 2232 1576 2288 πανάγρου,

594 2299 781 2360 ἀνδράσι
808 2298 1078 2356 δυςμενὲεσσι
1104 2300 1207 2361 ἕλωρ
1236 2301 1308 2345 καὶ
1337 2303 1480 2358 κύρμα
1509 2301 1698 2356 γένησθε.

249 2374 419 2427 Propter
447 2372 615 2428 aliquam
644 2372 939 2414 similitudinem
971 2375 1141 2415 conferri
1169 2386 1298 2429 potest
1320 2375 1401 2414 od.
1432 2377 1470 2423 5,
1504 2376 1600 2418 371.

367 2444 529 2493 Quodsi,
559 2456 603 2484 ut
631 2444 790 2484 tandem
818 2447 969 2485 tertiam
1003 2458 1043 2486 et
1071 2446 1242 2485 ultimam
1273 2444 1436 2485 classem
1456 2445 1737 2499 explicaturum
1761 2444 2093 2497 comparationum

252 2513 515 2568 simplicium,
562 2515 671 2554 cuius
707 2525 883 2568 extrema
906 2517 966 2554 'et
1000 2530 1089 2555 cum
1128 2515 1441 2554 similitudinibus
1484 2517 1751 2569 cognatissima
1794 2514 1976 2568 exempla
2020 2516 2098 2552 iam

254 2601 373 2640 supra
402 2588 660 2635 tractavimus,
691 2586 957 2638 absolvamus,
989 2590 1031 2627 in
1063 2588 1283 2627 universnm
1313 2587 1387 2625 iam
1419 2587 1621 2640 postulavi,
1652 2598 1694 2626 ut
1709 2592 1971 2641 quaecunque
1989 2601 2098 2626 com-

1840 2657 1867 2696 3
