2360 3051
252 375 462 422 fecig’nisi
486 374 585 412 sorte
601 386 691 413 cum
710 372 860 428 Egenio
881 372 936 413 de
963 386 1094 427 comp.
1110 373 1228 413 Hom.
1253 389 1295 429 p.
1315 374 1371 415 36
1394 372 1729 428 comparationem
1749 385 1831 411 non
1849 372 1904 414 in
1921 387 2112 427 magnam,

253 460 332 500 qua
347 445 430 484 Axii
441 444 584 484 Jovem
611 445 851 499 increpantis
867 457 998 484 sermo
1009 443 1154 491 linitur,
1185 445 1371 499 excipere
1386 443 1494 484 velis.
1525 443 1587 483 ef.
1603 442 1650 483 11.
1665 443 1731 490 12,
1749 440 1843 492 167,
1878 441 1935 482 Ut
1960 443 2113 484 rarissi-

252 530 337 555 mus
366 525 496 554 autem
523 514 827 555 similitudinum
855 517 898 555 in
926 516 987 555 his
1016 525 1056 555 et
1084 510 1277 555 similibus
1316 514 1415 556 locis
1456 528 1547 555 usus
1585 512 1915 561 animadvertitur,
1955 527 2002 555 eo
2031 513 2113 554 fre-

252 588 437 640 quentius
467 586 670 639 simplices
701 589 1011 640 comparationes
1045 602 1167 640 quum
1205 588 1346 626 ceteris
1384 586 1673 624 narrationibus
1714 595 1755 623 et
1783 585 2029 623 sermonibus
2058 586 2110 623 ab

253 658 349 712 ipsis
380 674 482 713 quae
514 669 649 711 partes
679 671 797 711 agunt
826 660 1004 712 personis
1043 659 1164 705 sactis,
1196 671 1278 697 tum
1320 659 1563 697 orationibus
1595 659 1715 696 animi
1739 668 1865 696 motus
1895 658 2109 708 aperienti-

252 729 329 767 bus
346 728 554 782 adspersas
567 727 753 767 videmus.
812 728 1016 782 Exemplis
1028 730 1147 769 cuivis
1158 729 1281 768 obviis
1293 727 1402 781 quod
1422 726 1503 765 dixi
1518 727 1751 766 confirmare
1771 728 1963 772 abstineo,
1988 728 2112 780 ipsius

255 801 315 838 rei
352 798 602 838 admonuisse
644 799 734 837 satis
776 799 860 837 erit.
930 799 1048 849 Quod
1088 813 1180 840 vero
1220 798 1416 853 simplices
1447 797 1755 852 comparationes
1796 798 1862 836 hic
1892 796 1974 837 illic
2009 796 2111 836 adeo

255 867 574 906 similitudinibus
606 869 803 907 immixtae
833 868 1099 915 inveniuntur,
1126 869 1205 908 hoc
1235 871 1350 909 etiam
1381 872 1500 924 magis
1532 882 1650 924 quam
1680 866 1790 922 quod
1806 867 1996 906 hactenus
2012 876 2113 906 attu-

254 938 382 983 limus,
410 939 673 983 confirmatur,
699 939 849 977 nullum
881 940 1040 976 omnino
1072 938 1206 977 locum
1239 954 1337 986 esse,
1379 956 1400 977 a
1431 954 1510 992 quo
1538 939 1689 977 alienae
1721 939 1807 975 sint.
1869 938 1954 983 Qua
1985 936 2036 973 de
2067 950 2112 973 re

256 1009 440 1064 qnoniam
465 1007 567 1048 infra
596 1008 776 1064 pluribus
806 1008 1020 1050 dicendum
1053 1010 1139 1059 erit,
1170 1025 1275 1051 nunc
1306 1010 1358 1051 de
1391 1026 1524 1050 earum
1553 1008 1816 1063 frequenti
1848 1020 1887 1047 et
1919 1007 2112 1047 ite'rato

257 1094 350 1119 usu
378 1081 596 1119 accuratius
628 1080 876 1120 disseramus.

372 1153 454 1190 Iam
482 1154 655 1206 primum
684 1154 774 1191 satis
816 1163 986 1209 constat,
1029 1154 1363 1207 comparationum
1395 1152 1561 1192 cuiusvis
1592 1151 1751 1205 generis
1788 1163 1913 1195 usum,
1944 1149 1985 1186 in
2027 1162 2106 1201 quo

259 1224 505 1277 potissimum
542 1225 698 1276 poetica
727 1224 849 1263 virtus
896 1225 1089 1271 cernitur,
1129 1239 1176 1264 eo
1218 1225 1531 1279 frequentiorem
1574 1235 1657 1261 esse
1685 1221 1900 1275 praecipue
1931 1221 1972 1258 in
2001 1220 2116 1272 poesi

260 1296 385 1347 epica,
417 1308 496 1347 quo
527 1294 745 1348 simplicior
775 1305 814 1333 et
842 1306 1000 1334 naturae
1040 1296 1207 1348 propior
1238 1305 1318 1334 tota
1352 1294 1496 1349 agendi
1526 1303 1565 1331 et
1594 1291 1793 1331 sentiendi
1822 1292 1920 1329 ratio
1946 1291 2006 1336 sit,
2036 1305 2113 1343 qua

257 1378 339 1403 non
382 1363 509 1403 solum
547 1374 712 1418 poetae,
752 1364 824 1404 sed
862 1365 977 1405 etiam
1006 1367 1115 1420 ipsae
1147 1366 1344 1412 nationes,
1376 1381 1543 1420 quarum
1567 1364 1625 1404 illi
1654 1375 1761 1403 vates
1797 1364 2113 1416 interpretesque

255 1445 360 1487 sunt,
388 1433 439 1473 ad
468 1434 692 1474 reconditas
724 1445 884 1474 naturae
919 1450 1054 1476 rerum
1094 1435 1337 1476 diversarum
1369 1437 1542 1475 rationes
1572 1433 1854 1489 percipiendas
1879 1435 1924 1471 'et
1964 1445 2110 1486 cogno-

259 1505 426 1543 scendas
456 1506 665 1543 incitantur
695 1516 735 1544 et
759 1505 1001 1545 adiuvantur.
1063 1506 1227 1556 Qualem
1266 1508 1495 1546 Homericae
1532 1506 1668 1545 aetatis
1697 1505 1813 1544 vitam
1842 1504 1960 1543 fuisse
1991 1515 2113 1557 quum

262 1590 413 1614 summo
443 1579 528 1614 iure
560 1591 607 1614 ex
631 1578 726 1629 ipsis
757 1578 919 1615 Homeri
949 1578 1183 1616 carminibus
1201 1578 1463 1623 conficiamus,
1491 1576 1590 1630 quid
1619 1577 1762 1614 mirum
1791 1586 1935 1612 tantam
1960 1576 2114 1626 copiam

260 1647 595 1699 comparationum
625 1656 663 1684 et
692 1647 880 1685 maiorum
914 1656 951 1685 et
980 1648 1177 1687 minorum
1201 1662 1277 1700 per
1302 1662 1438 1686 omnes
1463 1648 1605 1687 horum
1636 1647 1848 1686 carminum
1876 1655 2009 1698 partes
2029 1658 2116 1682 esse

257 1715 446 1762 diffusam,
478 1726 663 1769 quautam
689 1715 795 1769 apud
820 1728 957 1770 poetas
982 1718 1244 1770 posteriorum
1278 1727 1317 1754 et
1335 1716 1543 1755 cultiorum
1574 1726 1742 1754 aetatum
1763 1716 1905 1753 frustra
1926 1715 2117 1767 requiras,

259 1786 434 1838 exceptis
465 1784 590 1823 solum
622 1785 856 1839 quibusdam
887 1785 1148 1824 Orientalium
1178 1787 1324 1840 poetis,
1363 1786 1414 1824 de
1455 1800 1621 1841 quorum
1660 1785 2015 1839 comparationibus
2044 1785 2117 1822 etsi

257 1857 423 1893 maxime
443 1856 580 1894 nativis
596 1866 636 1894 et
651 1857 767 1901 veris,
782 1866 912 1894 tamen
927 1856 976 1893 ad
994 1870 1177 1894 nauseam
1193 1871 1317 1910 usqne
1335 1858 1511 1910 repetitis
1528 1856 1731 1910 praeclare
1750 1857 1887 1895 docuit
1900 1855 2119 1904 Goetheug

261 1926 311 1963 cf.
343 1939 435 1978 opp.
465 1936 560 1963 tom.
588 1924 630 1963 6.
649 1941 688 1979 p.
720 1925 786 1972 76,
809 1923 910 1974 1043
942 1937 1031 1964 tom.
1048 1927 1117 1966 28.
1138 1941 1180 1979 p.
1201 1925 1286 1966 242
1305 1926 1366 1964 ed.
1397 1928 1488 1964 min.
1535 1926 1651 1976 Quod
1680 1928 1750 1965 etsi
1773 1927 1920 1981 largam
1935 1926 2116 1965 similitu-

260 1996 397 2036 diuum
413 1998 566 2051 copiam
585 1997 637 2035 ob
656 1996 748 2036 alias
768 1998 925 2037 virtutes
942 1998 1057 2036 etiam
1071 1998 1191 2052 magis
1207 2012 1323 2052 quam
1337 1997 1534 2051 simplices
1546 1997 1795 2046 admiramur,
1825 2009 1954 2037 tamen
1968 1996 2120 2051 simpli-

261 2068 366 2105 cium
396 2068 729 2121 comparationum
772 2082 819 2107 eo
865 2070 989 2108 maior
1019 2069 1179 2108 ubertas
1209 2079 1279 2116 est,
1316 2083 1395 2123 quo
1426 2068 1642 2107 faciliorem
1672 2084 1806 2108 earum
1837 2083 1947 2107 usum
1977 2079 2118 2123 poetae

261 2137 382 2177 fuisse
414 2152 535 2191 supra
564 2140 796 2177 monuimus.
858 2138 1201 2188 Quemadmodum
1227 2149 1357 2178 autem
1390 2140 1485 2178 haec
1518 2151 1621 2180 tanta
1650 2141 1691 2179 in
1720 2141 1859 2195 primis
1881 2140 2117 2193 simplicium

265 2209 601 2263 comparationum
639 2209 885 2264 frequentia,
927 2226 1003 2265 qua
1043 2222 1257 2266 utrumque
1299 2226 1458 2251 carmen
1501 2213 1648 2267 ubique
1674 2213 1843 2252 obsitum
1876 2211 2051 2266 quidem,
2080 2221 2119 2249 at

261 2292 342 2318 non
373 2280 558 2318 obrutum
602 2278 801 2327 videmus,
848 2294 896 2318 ex
937 2282 1010 2319 vita
1057 2281 1125 2320 illa
1169 2282 1400 2320 Homericae
1444 2284 1560 2321 aetati
1598 2284 1761 2337 propria
1798 2293 1836 2321 et
1874 2284 1915 2321 in
1960 2292 2119 2323 naturae

263 2350 374 2403 quasi
403 2349 588 2404 amplexu
624 2360 707 2389 acta
735 2362 878 2405 sponte
910 2352 1116 2405 profluxit:
1152 2352 1206 2390 ita
1235 2367 1283 2391 ex
1313 2352 1452 2391 cadem
1482 2354 1579 2392 vitae
1609 2367 1844 2406 morumque
1869 2352 2116 2405 simplicitate

260 2419 443 2459 iteratum
473 2434 586 2459 usum
615 2420 851 2475 simplicium
882 2424 1217 2478 comparationum
1253 2423 1455 2461 maximam
1490 2434 1644 2477 partem
1686 2434 1812 2464 ortam
1843 2436 1929 2462 esse
1953 2423 2036 2462 veri
2064 2423 2117 2461 si-

263 2490 354 2528 mile
386 2502 455 2529 est.
516 2491 591 2528 Cui
619 2492 725 2528 enim
752 2502 897 2543 poetae
927 2506 1007 2531 non
1038 2503 1120 2530 erat
1148 2492 1381 2537 verendum,
1407 2506 1459 2530 ne
1497 2486 1738 2531 audientium
1771 2507 1885 2536 aures
1915 2494 2114 2530 animusve

260 2557 491 2609 'offendes-et,
521 2577 646 2616 quum
675 2560 830 2609 diemm
860 2563 1160 2611 vicissitudines,
1191 2565 1291 2604 vitae
1321 2563 1573 2618 quotidianae
1597 2567 1676 2605 otia
1705 2577 1745 2604 et
1768 2567 1925 2619 negotia
1939 2564 2112 2617 aliasque
