2360 3051
274 411 431 463 busque
461 407 566 447 suavi
594 407 767 446 oratione
797 404 933 443 induta
968 404 1012 442 in
1047 402 1146 443 orbe
1185 402 1297 456 quasi
1326 399 1557 447 decurrant,
1598 401 1693 440 dum
1732 401 1955 441 absolvatur
1992 412 2118 441 totum

275 478 388 528 illud,
415 479 479 518 eui
508 471 573 516 vel
601 477 643 515 in
671 474 841 514 minimis
870 473 1047 528 partibus
1076 486 1153 511 una
1171 470 1390 526 eademque
1420 472 1611 511 sententia
1627 474 1778 523 subest3
1808 472 2121 513 insimilitudine

276 565 384 598 vero,
415 563 515 604 quae
543 548 628 586 iure
659 548 715 586 sic
744 544 982 600 appellanda
1008 554 1076 590 est,
1108 543 1392 597 expositionem
1420 544 1481 582 rei
1510 543 1574 582 vel
1604 544 1763 583 actionis
1788 546 1830 583 in
1860 546 2124 600 comparatio-

277 636 371 660 nem
412 620 548 659 allatae
589 618 828 673 postulamus
859 631 970 663 eam,
1010 626 1053 653 ut
1089 630 1137 653 ex
1165 616 1296 654 verbis
1327 625 1364 653 et
1403 617 1606 654 sententiis
1648 616 1807 655 adiectis
1846 617 1951 656 velut
1983 633 2031 657 ex
2061 629 2123 657 to-

278 693 403 732 tidem
431 691 675 730 lineamentis
707 701 745 728 et
772 689 905 742 figuris
936 703 1013 726 una
1043 699 1148 726 certa
1179 698 1219 725 et
1242 688 1319 724 suis
1349 689 1519 725 numeris
1549 688 1725 726 absoluta
1758 690 1883 741 imago
1918 691 1958 726 in
1992 692 2122 728 animo

278 762 470 803 audientis
500 760 566 802 vel
592 759 753 814 legentis
781 760 993 812 effingatur‚
1024 773 1123 812 quae
1150 772 1271 811 quum
1300 759 1384 811 ipsa
1415 774 1491 812 per
1516 774 1599 798 sese
1627 770 1707 798 tum
1737 770 1904 812 propter
1934 762 2014 799 eius
2035 776 2123 800 cum

277 848 322 871 re
352 842 573 886 comparata
602 832 829 885 cognatione
858 829 1094 883 imaginandi
1123 829 1199 866 vim
1215 829 1353 867 excitat
1371 830 1623 884 animumque
1644 844 1732 869 cum
1748 830 1945 884 voluptate
1962 832 2002 868 in
2030 845 2124 870 con-

279 903 530 957 templatione
565 904 720 940 retinet.
789 900 906 948 Quod
950 911 1093 954 quanto
1137 909 1176 937 et
1218 899 1323 951 quali
1353 901 1565 938 verborum
1596 912 1635 939 et
1664 903 1940 940 sententiarum
1976 904 2124 940 ambitu

280 976 473 1020 efficiatur,
502 973 552 1011 ad
583 983 728 1011 certam
755 985 930 1009 normam
962 982 1000 1009 et
1029 970 1229 1008 definitum
1272 986 1476 1011 numerum
1510 986 1589 1011 non
1633 975 1751 1027 magis
1798 975 1973 1013 revocari
2004 987 2123 1026 posse

281 1056 583 1086 consentaneum
621 1055 688 1090 est,
720 1059 837 1098 quam
873 1044 993 1097 ipsius
1031 1041 1190 1096 periodi
1220 1057 1437 1081 mensuram
1469 1054 1507 1081 et
1538 1045 1802 1082 membrorum
1829 1045 2124 1098 incisorumque

278 1132 504 1156 numerum:
537 1130 770 1170 quamquam
799 1114 956 1169 periodi
973 1115 1240 1154 membrorum
1259 1129 1463 1153 numerum
1479 1114 1529 1152 ad
1559 1129 1750 1152 summum
1771 1126 1936 1168 quatuor
1956 1127 1995 1154 et
2015 1131 2125 1153 men-

280 1205 407 1229 suram
438 1188 487 1227 ad
515 1188 730 1227 hexametri
757 1185 916 1225 modum
947 1186 1095 1240 antiqui
1120 1186 1298 1225 rhetores
1331 1185 1494 1225 definire
1526 1188 1652 1225 conati
1683 1198 1788 1235 sunt3
1827 1202 1958 1241 neque
1985 1189 2125 1225 imme-

278 1263 367 1308 rito,
398 1259 593 1314 siquidem
622 1258 721 1297 nihil
750 1257 857 1296 aliud
885 1256 1103 1305 voluerunt,
1135 1271 1250 1312 quam
1275 1257 1370 1296 fines
1401 1258 1646 1304 constituere,
1687 1272 1785 1311 quos
1815 1257 1916 1296 ultra
1947 1258 2123 1312 citraque

278 1342 430 1368 rectum
471 1331 684 1368 consistere
732 1330 880 1382 nequit.
954 1328 1088 1367 Simile
1130 1328 1227 1381 quid
1272 1330 1386 1366 etiam
1437 1330 1562 1366 minus
1604 1328 1654 1365 de
1694 1328 1954 1366 similitudinis
2000 1329 2125 1367 forma

281 1413 319 1439 et
361 1402 506 1439 ambitu
546 1411 715 1438 statuere
767 1402 910 1445 ausim,
965 1401 1073 1454 quod
1119 1401 1159 1437 in
1205 1400 1455 1438 similitudine
1507 1400 1719 1452 effingenda
1777 1402 1935 1438 minoris
1989 1401 2124 1446 refert,

280 1488 355 1526 qua
395 1473 517 1510 forma
560 1482 598 1509 et
636 1471 770 1509 babitu
813 1470 993 1523 praedita
1023 1471 1203 1514 incedat,
1249 1471 1460 1509 dummodo
1509 1473 1634 1525 imago
1679 1472 1745 1509 illa
1789 1487 1904 1525 quam
1950 1472 2125 1525 postula-

281 1557 366 1581 mus
397 1543 523 1581 animo
564 1543 777 1581 obiiciatur.
849 1541 998 1590 Quodsi
1036 1541 1234 1595 quaelibet
1272 1543 1455 1581 orationis
1493 1542 1619 1580 forma
1647 1543 1805 1595 imagini
1846 1542 2125 1595 exprimendae

282 1612 571 1652 accommodata
597 1612 646 1651 ad
673 1612 966 1651 similitudinem
997 1611 1178 1651 adhiberi
1207 1623 1350 1665 potest,
1377 1626 1464 1651 raro
1491 1623 1617 1650 tamen
1649 1614 1760 1650 unius
1780 1615 1966 1651 enuntiati
1981 1614 2128 1651 ambitu

281 1683 492 1721 similitudo
535 1683 740 1722 commode
784 1673 1015 1730 absolvitur,
1047 1698 1167 1736 quum
1196 1694 1260 1721 aut
1298 1684 1435 1737 plures
1467 1684 1580 1722 simul
1620 1699 1696 1722 uno
1739 1686 1877 1738 spiritu
1911 1696 1949 1723 et
1988 1696 2127 1723 tenore

279 1754 553 1806 pronuntiatae
583 1753 900 1805 amplificationes
931 1769 1041 1791 aures
1073 1753 1285 1805 oculosque
1317 1755 1483 1791 obruant
1514 1766 1552 1792 ct
1590 1756 1833 1800 conturbent,
1868 1767 1932 1793 aut
1957 1766 2127 1808 propter

283 1824 492 1862 exilitatem
533 1823 803 1862 delineationis
841 1839 975 1862 manca
1007 1833 1153 1860 tantum
1190 1834 1229 1862 et
1266 1825 1498 1877 imperfecta
1534 1827 1658 1880 imago
1702 1826 1850 1867 evadat.
1918 1830 2043 1875 Quam
2070 1829 2122 1866 ob

279 1909 365 1932 rem
388 1895 490 1932 banc
519 1895 695 1948 regulam
725 1905 892 1932 statuere
919 1908 999 1932 non
1029 1894 1177 1940 dubito,
1208 1895 1421 1947 quamlibet
1449 1898 1537 1933 satis
1570 1897 1799 1949 explicatam
1829 1898 2124 1936 similitudinem

282 1979 329 2003 ex
359 1964 511 2004 duobus
538 1963 683 2012 saltem,
714 1965 866 2019 saepius
897 1979 945 2003 ex
981 1963 1160 2019 pluribus
1190 1966 1395 2006 enuntiatis
1427 1967 1566 2007 confici
1596 1979 1634 2007 et
1669 1968 1833 2017 absolvi3
1865 1970 1927 2009 cui
1967 1969 2124 2022 regulae

280 2037 507 2091 ubicunque
535 2049 615 2074 non
646 2036 877 2075 satisfactum
907 2036 990 2083 erit,
1019 2050 1098 2075 non
1128 2032 1203 2074 tam
1233 2035 1528 2076 similitudinem
1548 2052 1664 2092 quam
1683 2039 2012 2093 comparationem
2032 2040 2125 2079 sim-

279 2108 423 2160 plicem
455 2109 638 2160 quamvis*
658 2108 889 2160 explicatam
917 2109 1159 2153 habebimus,
1190 2108 1296 2145 cuius
1326 2109 1479 2160 generis
1509 2122 1599 2146 mox
1628 2108 1741 2162 plura
1771 2109 1950 2164 exempla
1977 2109 2124 2149 videri-

279 2195 376 2218 mus.
431 2181 562 2232 Atque
588 2179 689 2217 hanc
719 2178 848 2233 legem
878 2194 998 2231 quum
1027 2180 1075 2215 ab
1107 2180 1284 2216 omnibus
1314 2182 1441 2232 poetis
1472 2192 1552 2218 tum
1582 2182 1745 2218 maxime
1771 2183 1818 2218 ab
1845 2183 2013 2219 Homero
2033 2182 2120 2218 ubi-

279 2250 334 2289 vis
368 2250 606 2289 observatam
636 2264 731 2296 esse,
762 2248 874 2288 facile
905 2260 1115 2304 cognoscet
1145 2251 1213 2303 qui
1253 2250 1303 2288 ad
1341 2251 1575 2291 Homericae
1617 2252 1799 2292 dictionis
1835 2252 2123 2306 simplicitatem

280 2331 319 2357 et
353 2320 575 2357 facilitatem
612 2320 825 2373 praecipue
859 2319 899 2356 in
938 2317 1141 2373 iungendis
1181 2320 1339 2375 singulis
1382 2324 1587 2362 enuntiatis
1621 2324 1869 2378 conspicuam
1898 2322 2120 2363 attenderit.

280 2393 388 2439 Quae
425 2405 545 2444 quum
585 2404 665 2428 non
701 2392 827 2430 minus
864 2405 884 2428 a
921 2389 1176 2443 periodorum
1213 2392 1418 2430 artificiosa
1444 2403 1635 2432 structura
1666 2409 1781 2448 quam
1811 2409 1831 2431 a
1860 2393 2049 2432 liberiore
2083 2405 2123 2433 et

277 2463 545 2515 frequentiore
573 2463 869 2515 participiorum
893 2475 966 2499 usu
991 2462 1211 2523 abhorreat,
1255 2464 1343 2501 fieri
1373 2463 1482 2510 solet,
1523 2475 1566 2502 ut
1592 2465 1771 2519 pluribus
1812 2465 1997 2519 deinceps
2036 2481 2128 2505 sen-

277 2534 411 2572 tentiis
441 2549 492 2571 ne
523 2533 682 2572 relativo
714 2534 876 2587 quidem
906 2548 1009 2572 nexu
1039 2534 1351 2580 cohaerentibus,
1383 2534 1454 2572 sed
1484 2535 1783 2573 demonstrativa
1819 2546 1966 2574 tantum
1998 2538 2131 2591 parti-

279 2604 365 2645 cula
393 2603 544 2646 leviten-2
561 2605 752 2647 adiunctis
781 2605 953 2662 singulae
983 2607 1157 2663 imaginis
1196 2607 1469 2662 depingendae
1499 2619 1630 2661 partes
1658 2620 1912 2662 exponantur.
1983 2613 2129 2665 Neque
