2360 3051
1055 245 1314 282 -2-

254 359 410 413 species
450 355 726 402 dividendum,
766 366 830 394 aut
871 371 919 395 ex
954 356 1029 395 alio
1071 357 1177 395 fonte
1218 369 1317 394 nova
1357 353 1549 409 quaedam
1586 352 1725 393 divisio
1764 353 1978 393 derivanda
2023 357 2108 398 erit.

254 429 361 467 Illud
387 443 437 466 ne
468 428 663 473 faciamus,
695 442 775 466 non
806 428 932 465 minus
963 430 1156 481 paucitate
1187 428 1481 466 Homericarum
1512 427 1847 479 comparationum
1891 425 1942 464 ad
1982 436 2111 465 cetera

254 502 326 539 tria
354 514 496 553 genera
527 499 792 554 inaequalium
822 515 921 553 quae
953 512 1093 539 vocant
1116 499 1410 553 pertinentium,
1444 512 1559 551 quam
1590 496 1698 551 quod
1728 497 1825 536 haec
1856 495 2110 550 comparandi

252 571 375 610 forma
416 571 458 608 in
505 580 584 610 tota
633 580 765 610 nostra
805 569 1066 624 disputatione
1118 570 1228 623 parvi
1273 579 1419 608 tantum
1470 569 1659 608 momenti
1711 579 1793 616 est,
1840 569 2106 623 prohibemur.

253 643 383 680 Missis
420 643 539 695 igitur
581 652 758 679 veterum
788 640 938 694 placitis
971 640 1082 678 aliam
1116 652 1154 679 et
1194 650 1274 677 tum
1303 640 1388 678 usui
1420 640 1629 678 Homerico
1665 650 1744 679 tum
1777 649 1909 679 nostro
1942 640 2104 680 consilio

258 712 653 750 accommodatiorem
687 711 916 749 divisionem
953 713 984 748 si
1014 712 1359 763 circumspicimus,
1402 710 1563 748 offertur
1604 711 1717 748 nobis
1757 726 1778 747 a
1807 712 2106 756 recentioribus,

255 784 323 836 qui
354 783 568 820 Homericis
602 782 957 834 comparationibus
988 796 1153 834 operam
1182 793 1380 826 navarunt,
1411 795 1508 819 nova
1540 779 1745 818 dividendi
1776 782 1886 826 ratio,
1919 797 1994 834 qua
2022 796 2107 819 om-

252 867 325 891 nes
363 853 673 906 comparationes
718 862 782 891 aut
813 852 1068 906 simplices
1101 863 1165 891 aut
1196 852 1475 906 explicatas
1507 852 1586 891 sive
1619 850 1985 890 similitudines
2020 867 2107 892 esse

254 934 437 962 statuunt.
478 913 609 971 VQuae
653 923 873 961 distributio
919 925 989 961 etsi
1029 924 1104 962 hoc
1132 924 1222 962 mali
1253 925 1401 963 habere
1432 923 1596 969 videtur,
1630 933 1671 961 ut
1701 924 1749 960 ab
1783 923 1978 962 exteriore
2006 921 2108 969 nota,

251 997 279 1031 i,
313 1010 343 1031 c.
386 995 435 1030 ab
482 995 627 1030 ambitu
675 1005 712 1032 et
758 1008 948 1039 mensura,
989 996 1036 1031 sit
1063 996 1202 1048 petita:
1235 1007 1446 1049 propterea
1485 1005 1613 1032 tamen
1643 1007 1722 1031 non
1763 1004 1821 1031 est
1851 994 2106 1047 aspernanda,

249 1065 572 1119 quandoquidem
605 1066 651 1102 ab
684 1066 755 1103 hac
785 1067 870 1117 ipsa
909 1066 1055 1103 formae
1101 1068 1252 1104 ratione
1299 1077 1422 1104 totum
1467 1066 1721 1102 Homericum
1764 1079 1875 1101 usum
1921 1066 1961 1101 iu
1999 1079 2107 1102 com-

255 1135 524 1189 parationibus
558 1134 784 1189 effingendis
815 1145 853 1172 et
883 1134 1118 1173 adhibendis
1148 1136 1198 1173 ita
1230 1135 1410 1190 pendere
1444 1135 1644 1181 videmus,
1686 1145 1727 1173 ut
1754 1146 1913 1187 praeter
1945 1135 2111 1173 diversi-

257 1217 376 1244 tatem
408 1207 660 1259 comparandi
693 1208 756 1243 vix
788 1206 1004 1259 quidquam
1037 1221 1171 1244 eorum
1199 1221 1298 1260 quae
1330 1207 1381 1244 de
1400 1205 1751 1259 comparationibus
1770 1205 1974 1242 observatu
1995 1204 2111 1258 digna

255 1288 344 1313 sunt
373 1276 629 1328 relinquatur,
659 1279 753 1328 quin
783 1278 842 1314 his
874 1279 1079 1330 generibus
1113 1278 1425 1316 commodissime
1457 1277 1721 1313 distribuatur.
1783 1275 1864 1312 Sed
1905 1274 2111 1312 desidera-

256 1357 317 1384 tur
348 1346 476 1384 adhuc
517 1347 556 1383 in
598 1342 668 1385 liae
707 1347 898 1395 divisione
932 1360 1037 1387 certa
1069 1349 1202 1386 finium
1229 1348 1566 1398 circumscriptio,
1598 1356 1639 1383 ut
1670 1344 1766 1397 quid
1800 1347 1940 1397 cuique
1972 1347 2111 1397 generi

256 1416 304 1455 sit
329 1415 629 1463 subiiciendum,
661 1415 765 1456 facili
795 1419 952 1471 negotio
984 1419 1198 1458 internosci
1229 1429 1356 1473 queat.
1418 1419 1662 1472 Quamquam
1693 1418 1796 1456 enim
1822 1418 1863 1456 in
1890 1418 2115 1456 universum

259 1488 569 1539 comparationes
600 1487 798 1540 simplices
829 1502 906 1525 uno
929 1488 1097 1527 alterove
1128 1490 1250 1526 verbo
1276 1489 1450 1527 inclusae
1470 1489 1518 1526 ab
1536 1489 1581 1526 iis
1615 1488 1968 1542 comparationibus
1986 1487 2112 1542 expli-

255 1559 359 1603 catis,
404 1573 502 1610 quae
545 1559 752 1610 imaginem
788 1561 846 1596 rei
886 1559 935 1595 ad
976 1560 1279 1611 comparandum
1316 1559 1514 1596 adhibitae
1549 1560 1763 1611 perfectam
1805 1569 2111 1611 repraesentant,

252 1629 400 1666 nemini
429 1628 478 1666 ad
509 1627 830 1682 distinguendum
862 1628 1038 1669 difficiles
1071 1644 1154 1668 esse
1186 1640 1361 1682 possunt:
1394 1630 1562 1682 plurima
1594 1640 1720 1667 tamen
1740 1630 1917 1682 exempla
1951 1643 2109 1682 compa-

252 1700 445 1737 rationum
484 1697 590 1750 apud
629 1698 842 1735 Homerum
878 1700 1138 1744 inveniuntur,
1181 1714 1294 1753 quae,
1326 1714 1446 1752 quum
1476 1699 1654 1753 pluribus
1686 1700 1816 1737 verbis
1844 1700 2103 1754 amplificatae

251 1772 399 1805 varium
431 1782 609 1806 ornatum
634 1771 863 1822 praebeant,
894 1771 977 1806 iure
1010 1770 1296 1806 dubitationem
1327 1780 1496 1814 movent,
1528 1779 1657 1807 utrum
1687 1769 1931 1823 simplicibus
1959 1785 2007 1808 an
2043 1784 2110 1808 ex-

254 1840 406 1892 plicatis
440 1841 516 1877 sint
545 1839 875 1877 adnumerandae.
938 1838 1217 1886 Quaerendum
1249 1840 1365 1892 igitur
1397 1841 1488 1884 erit,
1521 1854 1636 1891 quem
1669 1850 1707 1877 et
1739 1840 1895 1892 qualem
1932 1852 2112 1879 ornatum

254 1922 292 1947 ct
321 1911 609 1964 appositionem
637 1911 845 1949 verborum
879 1922 917 1949 et
947 1911 1229 1948 sententiarum
1256 1908 1422 1962 simplex
1443 1911 1680 1963 comparatio
1698 1909 1883 1957 admittat,
1902 1920 2112 1964 antequam

255 1980 467 2019 similitudo
502 1982 666 2019 exsistat.
728 1980 781 2019 Ut
812 1982 914 2018 enim
940 1982 981 2017 in
1012 1982 1235 2019 universum
1256 1979 1547 2019 similitudinem
1578 1979 1738 2020 demum
1755 1981 1852 2021 sacta
1869 1981 2107 2035 perfectiore

255 2052 315 2090 rei
358 2051 626 2105 descriptione
668 2053 812 2090 exoriri
856 2062 1020 2100 constat3
1060 2053 1110 2089 ita
1151 2051 1339 2104 simplicis
1378 2053 1679 2105 comparationis
1710 2063 1886 2091 naturam
1916 2054 2112 2091 immutari

256 2136 372 2160 nemo
406 2123 570 2174 putabit,
603 2123 672 2160 etsi
699 2122 750 2160 ad
779 2137 864 2160 rem
895 2122 1125 2174 simpliciter
1154 2123 1389 2160 nominatam
1411 2122 1529 2160 modo
1562 2138 1680 2160 unum
1711 2123 1927 2161 alterumve
1957 2124 2111 2176 epithe-

257 2203 323 2229 ton
349 2191 409 2231 vel
440 2191 618 2247 pluribus
653 2193 781 2231 verbis
814 2207 1055 2246 expressum,
1086 2191 1204 2230 modo
1237 2193 1431 2246 appositio
1460 2192 1602 2231 obiecti
1629 2203 1692 2232 aut
1722 2193 1888 2248 simplex
1931 2194 2111 2233 enuntia-

259 2273 342 2300 tum
371 2264 572 2302 relativum
612 2265 831 2302 accesserit.
894 2264 935 2301 Si
966 2277 1055 2301 vero
1087 2263 1265 2316 pluribus
1307 2263 1420 2300 simul
1453 2263 1643 2301 eiusmodi
1679 2265 1988 2318 appositionibus
2019 2266 2114 2302 sim-

255 2333 349 2386 plex
380 2336 619 2387 comparatio
652 2334 910 2387 amplificatur
941 2345 978 2371 et
1006 2334 1231 2379 illustratur,
1264 2344 1328 2371 aut
1357 2334 1389 2370 si
1419 2334 1463 2370 iis
1504 2344 1609 2372 certa
1638 2336 1699 2373 rei
1729 2335 1901 2374 conditio
1933 2334 1994 2373 vel
2025 2350 2113 2373 cum

255 2405 554 2457 interpositione
595 2420 853 2458 personarum
893 2405 1148 2453 describitur3
1190 2404 1289 2441 nihil
1329 2405 1482 2442 obstare
1520 2405 1690 2454 videtur,
1733 2407 1963 2461 quominus,
1995 2420 2113 2460 quam

258 2475 375 2515 modo
408 2479 741 2531 comparationem
773 2469 992 2532 simplicem
1017 2478 1247 2523 vocavimus,
1278 2491 1382 2515 nunc
1410 2477 1670 2517 similitudinis
1701 2480 1822 2517 iustae
1853 2480 2010 2517 nomine
2037 2493 2110 2530 ap-

260 2545 468 2599 pellemus.
530 2549 651 2596 Quam
684 2550 735 2587 ob
766 2564 851 2587 rem
879 2564 927 2587 ne
959 2549 997 2586 in
1029 2563 1164 2603 magua
1196 2547 1260 2586 illa
1292 2549 1404 2602 copia
1430 2549 1619 2589 eiusmodi
1642 2551 1987 2604 comparationum,
2003 2563 2106 2603 quae
