2360 3051
541 402 689 462 οὔρεος·
713 403 760 445 ἐν
787 401 967 461 βήσσῃς,
993 399 1071 444 ὅτε
1095 403 1140 445 τ’
1167 400 1297 460 ὤρετο
1320 399 1499 458 ,καιέμεν
1525 399 1642 451 istam
2062 400 2091 426 ⁹

539 473 635 517 οὔτ’
664 473 817 529 ἄνεμος
845 474 1015 516 τόσσον
1042 489 1088 529 γε
1115 472 1221 515 καὶ
1244 471 1400 528 δρυσὶν
1428 471 1710 526 ὕψωμοισιν

545 547 693 600 ἠπύει,
714 543 811 595 devs
841 545 1043 600 μάλιστα
1071 543 1183 600 μέγα
1197 542 1402 603 βρέμεται
1423 542 1712 601 χαλεπαίνων

546 617 661 667 ὅσση
688 616 773 677 ἄρα
802 619 897 662 κτλ.
987 650 1003 657 -
1913 666 1916 670 ,

253 693 313 733 Ne
352 693 441 748 quis
481 693 630 732 ambitu
667 706 735 731 sex
771 705 952 730 versuum
991 689 1246 735 deterreatur,
1288 687 1495 741 quominus
1525 687 1748 741 simplicem
1778 690 2109 744 comparationem

258 776 454 820 agnoscat,
483 765 524 802 in
554 764 691 817 primis
721 760 1019 807 observandam,
1048 773 1129 798 non
1153 757 1386 805 una-,sed
1415 769 1495 797 tren
1523 771 1770 800 coacervatas
1796 763 2108 816 comparationes

257 851 330 875 nos
360 847 448 873 ante
479 833 613 873 oculos
644 834 808 879 habere,
849 847 1018 886 quarum
1060 844 1321 885 unaquaeque
1351 829 1504 868 duobus
1541 830 1716 869 versibus
1741 830 1889 870 finitur.
1957 832 2113 881 Quodsi

259 905 432 958 singulas
463 904 549 942 illas
581 905 797 943 accuratius
829 903 1141 948 consideramus,
1174 915 1314 939 earum
1355 902 1485 954 *prima
1515 915 1592 939 uno
1620 902 1696 939 etsi
1726 903 1873 940 maiore
1908 904 2112 942 -eaanti-to

254 974 404 1013 inclusa
428 984 506 1023 est,
535 988 634 1028 quae
665 984 796 1012 autem
813 973 995 1011 infimum.
1018 971 1147 1011 locum
1164 981 1287 1019 tenet,
1316 972 1435 1011 habet
1460 971 1529 1010 illa
1557 971 1720 1025 quidem
1740 973 1970 1012 sententiam
1986 985 2113 1027 appo·—

255 1047 386 1090 sitam,
426 1044 496 1082 sed
543 1043 720 1082 eiusdem
772 1043 1001 1096 argumenti,
1031 1041 1142 1096 quod
1185 1041 1303 1081 modo
1335 1043 1376 1080 in
1406 1041 1488 1080 aliis
1528 1043 1882 1096 comparationibus
1920 1043 2110 1094 vidimu83

260 1115 432 1169 denique
465 1116 707 1154 enuntiatum
737 1114 849 1160 illud,
881 1114 990 1168 quod
1018 1113 1150 1152 media
1179 1114 1416 1167 comparatio
1448 1112 1645 1152 adnexum
1675 1114 1805 1160 habet,
1837 1117 2011 1168 quamvis
2056 1114 2109 1153 ad

259 1187 367 1226 aliud
399 1202 522 1240 genus
554 1188 763 1240 pertineat,
796 1187 955 1225 brevius
988 1197 1054 1231 est,
1087 1201 1201 1240 quam
1231 1200 1308 1238 quo
1338 1185 1544 1239 imaginem
1574 1200 1797 1239 expressam
1828 1196 1953 1240 putes,
1986 1197 2025 1224 et
2052 1188 2115 1226 vix

260 1269 410 1296 tantum
449 1268 736 1311 repraesentat,
785 1268 973 1312 quantum
1014 1272 1091 1296 uno
1130 1258 1325 1295 enuntiato
1361 1256 1510 1309 primae
1547 1257 1845 1310 comparationis
1890 1258 1941 1295 ob
1983 1257 2118 1297 oculos

258 1330 433 1382 ponitur.
497 1330 555 1367 Cf.
589 1329 633 1366 ll.
668 1330 734 1376 23,
765 1330 864 1369 315.

209 1427 232 1447 0
285 1447 289 1449 ι
373 1399 452 1438 Sed
485 1400 574 1438 satis
605 1402 681 1438 sint
711 1400 809 1439 haec
839 1399 1016 1454 exempla
1047 1400 1098 1438 ad
1129 1397 1434 1439 confirmandam
1464 1398 1695 1436 sententiam
1725 1413 1746 1435 a
1775 1411 1839 1435 me
1857 1399 2115 1451 propositam,

258 1471 570 1523 §.iimparatioues
613 1481 678 1509 aut
712 1485 791 1509 uno
832 1472 978 1511 maiore
1016 1482 1081 1509 aut
1106 1470 1240 1510 addito
1282 1468 1404 1508 altero
1445 1469 1642 1507 enuntiato
1684 1467 1851 1507 inclusas
1895 1480 2112 1523 propterea

255 1539 433 1578 nondum
476 1540 749 1577 similitudines
794 1541 890 1578 fieri.
959 1542 1026 1578 Uti
1065 1555 1157 1579 vero
1199 1539 1422 1577 huiusmodi
1471 1540 1782 1592 comparationes
1829 1540 2024 1593 simplices
2060 1540 2112 1579 ad

260 1608 413 1647 solitam
470 1607 768 1647 similitudinum
813 1609 979 1648 formam
1025 1611 1203 1662 proxime
1243 1610 1456 1656 accedunt,
1483 1612 1536 1648 iza
1574 1624 1596 1647 e
1629 1611 1823 1648 contrario
1862 1625 1943 1648 non
1970 1610 2113 1649 desunt

261 1680 443 1733 exempla
475 1681 822 1733 comparationum,
856 1695 966 1734 quas,
983 1695 1103 1734 quum
1134 1681 1248 1719 etiam
1277 1682 1427 1720 minore
1447 1682 1625 1733 circuitu,
1643 1696 1759 1735 quam
1789 1697 1908 1735 quem
1924 1682 1965 1719 in
1987 1681 2116 1720 multis

258 1753 614 1804 comparationibus
646 1751 888 1804 simplicibus
905 1752 1081 1797 vidimus,
1112 1753 1319 1806 imaginem
1340 1754 1411 1789 etsi
1442 1751 1582 1789 leviter
1598 1761 1743 1788 tantum
1759 1751 2027 1790 adumbratam
2054 1766 2119 1790 re-

252 1833 520 1875 praesentent,
555 1822 827 1861 similitudines
866 1824 999 1876 potius
1041 1838 1159 1875 quam
1199 1824 1511 1876 comparationes
1545 1822 1745 1875 simplices
1783 1824 1986 1862 habendas
2031 1838 2115 1862 esse

256 1894 446 1934 existimo.
508 1893 590 1931 Hae
625 1907 719 1932 vero
751 1893 1060 1947 comparationes
1088 1893 1189 1932 inter
1220 1892 1494 1932 similitudines
1522 1895 1575 1931 ita
1603 1893 1779 1931 infimum
1813 1893 1944 1951 locum
1970 1904 2116 1941 tenent,

256 1974 302 2001 ut
331 1964 421 2002 illae
451 1965 493 2001 in
523 1964 761 2018 simplicium
799 1965 1133 2018 comparationum
1170 1978 1337 2003 numero
1379 1977 1529 2003 summo
1569 1973 1658 2002 sunt
1683 1963 1770 2004 loco
1812 1963 2047 2018 ponendae,
2079 1974 2117 2003 et

250 2045 423 2088 utroque
466 2035 544 2074 hoc
574 2051 731 2089 genere,
763 2035 872 2089 quod
898 2037 939 2073 in
968 2035 1139 2074 confinio
1168 2036 1279 2089 qnasi
1308 2046 1495 2081 versatur,
1528 2036 1707 2073 transitus
1735 2035 1779 2073 fit
1808 2035 1859 2073 ad
1879 2035 1985 2074 aliud
2007 2049 2116 2074 com-

252 2106 505 2159 parationum
533 2121 665 2160 genus.
725 2106 842 2155 Quod
871 2105 973 2151 volo,
1003 2105 1157 2160 planius
1190 2106 1330 2146 faciant
1367 2106 1553 2145 nonnulla
1586 2106 1788 2160 exempla:
1836 2107 1880 2145 11.
1926 2109 1990 2153 16,
2031 2106 2115 2147 406

259 2177 464 2217 Patroclus
497 2179 606 2217 hasta
637 2179 812 2218 cominus
842 2179 958 2217 missa
988 2178 1191 2218 Thestoris
1222 2177 1362 2216 malam
1395 2177 1570 2217 dextram
1601 2190 1862 2232 percusserat,
1889 2189 1971 2217 tum

574 2244 667 2287 ἕλκε
699 2244 746 2288 δὲ
776 2245 926 2305 δουρὸς
953 2248 1057 2288 ἑλὼν
1087 2248 1193 2302 ὑπὲρ
1222 2245 1414 2302 ἄντυγος,
1442 2249 1494 2294 ὡς
1523 2245 1598 2288 ὅτε
1627 2262 1694 2294 τις
1723 2247 1813 2304 φὼς

580 2315 713 2375 πέτρῃ
744 2316 811 2359 ἔπι
841 2318 1048 2375 προβλῆτι
1077 2318 1313 2372 καθήμενος
1340 2319 1455 2374 ἱερὸν
1484 2319 1621 2373 ἰχθὺν

578 2390 624 2430 ἐκ
653 2388 832 2432 πόντοιο
861 2388 1024 2443 θύραζε
1054 2389 1155 2445 λίνῳ
1181 2389 1255 2431 καὶ
1281 2387 1405 2436 ἤνοπι
1430 2389 1590 2445 χαλκῷ.

254 2462 331 2499 Hic
345 2462 580 2513 piscatorem
593 2463 854 2514 conspicimus
867 2465 908 2499 in
929 2463 1090 2516 scopulo
1107 2463 1349 2517 prominenti
1374 2460 1575 2499 sedentem
1593 2460 1673 2499 lino
1705 2470 1744 2499 et
1764 2474 1853 2499 aere
1873 2460 2115 2505 instructum,

256 2541 300 2568 ut
330 2532 481 2584 piscem
515 2543 671 2585 captum
704 2547 725 2570 e
755 2534 852 2571 mari
881 2536 1094 2586 protrahat.
1154 2533 1260 2582 Quid
1290 2532 1459 2585 amplius
1488 2533 1630 2585 pictori
1669 2542 1873 2585 opusest,
1902 2542 1944 2569 ut
1980 2545 2026 2569 ex
2055 2531 2116 2566 his

255 2600 414 2641 indiciis
454 2604 663 2657 imaginem
702 2603 881 2659 effingat?
941 2605 1005 2644 Ad
1050 2605 1216 2645 formam
1255 2618 1358 2644 vero‘
1386 2604 1683 2659 comparat-ionis
1713 2604 1746 2643 si
1784 2613 1957 2658 spectas,
1989 2601 2117 2641 omnia
