2360 3051
0 2797 174 2858 ,υἱ-τ

1058 246 1343 287 -33-

277 362 612 415 comparationum
643 374 743 414 quae
758 361 808 398 ab
843 359 984 399 eadem
1010 376 1056 399 re
1087 361 1226 399 ductae
1255 360 1353 399 locis
1381 360 1467 399 aliis
1493 360 1569 399 alia
1590 362 1743 401 ratione
1770 362 2030 402 conformatae
2060 371 2135 404 o‹>-'v

277 442 460 477 currunt,
514 430 612 469 haec
658 430 814 485 potiora
859 430 1038 486 exempla
1079 431 1291 478 sufficiant,
1340 441 1378 470 et
1415 432 1546 485 primo
1588 430 1698 472 loco·
1726 447 1771 471 ea
1807 446 1978 488 ponam,
2025 448 2132 487 quae

274 501 392 541 modo
423 501 675 556 simplicium,
706 502 825 542 modo
861 502 1157 557 explicatiorum
1190 503 1522 557 comparationum
1554 504 1729 557 speciem
1761 498 1917 543 haben't.
1978 503 2055 552 Sic,
2083 515 2127 544 ut

271 586 405 612 rursus
437 589 458 611 a
485 570 550 612 dis
580 574 828 628 incipiamus,
860 576 1066 614 Dianam
1095 586 1134 614 et
1163 576 1203 613 in
1230 575 1517 628 comparatione
1549 574 1718 629 simplici
1750 575 1827 614 Od.
1848 575 1888 622 6,
1909 577 1983 616 151
2020 586 2059 615 et
2083 578 2124 615 in

273 644 415 683 eodem
445 645 551 684 libro
584 662 616 683 v.
648 648 727 686 102
765 648 806 684 in
836 647 1090 685 similitudine
1131 647 1422 685 exornatissima
1457 646 1701 685 offendimus.
1771 647 1803 684 E
1846 647 1925 686 vita
1956 648 2123 686 humana

270 709 425 753 ἀοιδοῦ
453 730 483 755 s.
513 716 761 769 rhapsodi
789 717 997 769 imaginem
1026 718 1246 770 simplicem
1276 718 1396 755 habes
1425 717 1502 755 Od.
1525 718 1700 762 ¹1,368‚
1731 719 1966 755 ornatiorem
1996 729 2124 755 autem

271 783 348 821 Od.
386 786 450 830 17,
482 785 577 825 518.
612 785 671 824 Cf.
703 784 781 823 Od.
814 787 882 832 21,
905 785 1001 826 406.
1072 788 1234 826 Patris
1277 786 1396 824 filium
1441 785 1630 824 reducem
1667 785 1940 838 amplectentis
1978 787 2124 824 laetitia

269 853 502 906 simpliciter
532 854 580 892 ad
615 856 920 909 comparandum
954 856 1164 895 adhibetur
1195 856 1273 898 Od.
1294 860 1357 904 17,
1390 859 1482 903 110,
1514 857 1683 896 ornatius
1715 867 1755 895 et
1786 856 2011 911 explicatius
2044 857 2123 896 Od-

272 926 337 969 16,
372 925 435 963 17.
464 924 525 962 Cf.
557 924 603 964 Il.
636 926 675 970 9,
703 927 799 966 480.
867 928 900 964 A
934 928 1232 980 sagittarum
1277 929 1550 966 emissione
1592 927 1760 981 simplex
1791 929 2026 981 comparatio
2054 943 2125 982 pe-

267 994 335 1031 tita
365 993 444 1032 Od.
482 996 549 1037 12,
581 996 673 1041 102,
708 996 939 1049 explicatior
969 997 1045 1034 Od.
1081 999 1144 1042 12,
1176 998 1242 1036 83.
1305 1000 1403 1037 Cum
1437 998 1716 1037 celeritate
1751 999 2123 1052 cogitationum

267 1065 500 1118 simpliciter
533 1080 780 1120 comparatur
810 1069 889 1109 Od.
922 1072 959 1115 7,
987 1069 1057 1113 36,
1089 1070 1303 1123 perfectam
1332 1069 1505 1106 eiusdem
1547 1071 1608 1106 rei
1639 1070 1847 1122 imaginem
1878 1070 2044 1122 praebet
2072 1071 2124 1107 si-

266 1137 446 1178 militudo
480 1155 580 1192 quae
613 1151 670 1179 est
695 1139 738 1178 Il.
763 1141 828 1185 15,
846 1141 914 1181 80.
973 1141 1068 1179 Item
1096 1141 1284 1179 somnio
1315 1152 1432 1192 poeta
1458 1139 1508 1178 ad
1538 1139 1759 1193 simplicem
1790 1142 2122 1192 comparationem

266 1223 358 1247 usus
391 1220 450 1248 est
479 1209 555 1247 Od.
592 1213 655 1254 11,
687 1212 785 1256 207,
818 1212 921 1259 222,
949 1226 996 1248 ex
1028 1226 1103 1264 qua
1137 1210 1274 1249 eadem
1306 1226 1350 1249 re
1383 1210 1426 1248 ll.
1443 1212 1509 1256 22,
1530 1210 1622 1255 199,
1651 1225 1885 1263 quamquam
1917 1210 1992 1249 alio
2026 1224 2121 1249 con·

267 1278 365 1323 silio,
397 1280 690 1318 similitudinem
736 1282 890 1318 effinxit.
959 1282 1046 1318 Pari
1082 1283 1235 1319 ratione
1279 1281 1503 1319 columna
1542 1281 1582 1317 in
1619 1279 1787 1332 simplici
1831 1282 2121 1333 comparatione

267 1351 437 1388 occurrit
464 1350 509 1389 ΙΙ.
546 1351 609 1396 13,
640 1351 737 1396 436,
770 1352 809 1388 in
841 1351 1095 1405 explicatiore
1127 1352 1172 1391 ll.
1191 1354 1254 1396 17,
1285 1349 1380 1391 434.
1449 1350 1597 1388 Similia
1630 1351 1805 1388 invenies
1838 1350 1888 1388 de
1919 1353 2121 1397 amussi,

262 1421 293 1458 si
325 1420 369 1458 ll.
400 1422 441 1465 2,
474 1420 570 1466 765,
603 1436 690 1459 cum
722 1422 850 1467 Il.15,
882 1421 980 1468 410,
1008 1422 1059 1460 de
1091 1422 1273 1460 lebete
1306 1422 1540 1466 ferventi,
1568 1422 1599 1458 si
1626 1420 1705 1459 Od.
1742 1423 1806 1466 12,
1838 1422 1920 1463 237
1954 1437 2041 1460 cum
2073 1422 2119 1460 Il.

264 1491 331 1534 21,
363 1488 447 1528 362
480 1490 705 1529 contuleris.
776 1492 835 1529 Ex
877 1491 1101 1530 animalium
1134 1506 1280 1545 genere
1325 1502 1366 1529 ut
1398 1491 1710 1543 comparationes
1742 1505 1763 1527 a
1789 1489 1939 1529 leone
1971 1493 2118 1545 petitae

268 1570 307 1597 et
336 1560 587 1599 multitudine
617 1572 657 1599 et
682 1562 862 1599 varietate
889 1563 1113 1615 principem
1143 1562 1274 1600 locum
1292 1571 1437 1606 tenent,
1455 1562 1505 1598 ita
1533 1559 1583 1598 ad
1603 1560 1912 1598 confirmandum
1942 1561 1984 1598 id
2014 1561 2128 1615 quod·

266 1645 373 1669 nunc
400 1631 577 1669 volumus
607 1632 776 1684 plurima
806 1633 986 1684 exempla
1012 1633 1287 1684 suppeditant5
1318 1633 1390 1670 sed
1419 1647 1539 1683 quum
1557 1632 1801 1669 haecomnia
1830 1632 1907 1669 alio
1936 1632 2024 1670 loeo
2056 1648 2123 1670 ex-

265 1701 384 1757 empli
418 1716 530 1742 causa
561 1711 670 1742 certo
704 1700 842 1742 ordine
873 1700 1059 1756 disposita
1089 1702 1160 1742 sub
1201 1719 1319 1741 unum
1352 1713 1604 1755 conspectum
1637 1717 1791 1755 ponere
1823 1703 1863 1739 in
1892 1703 2020 1741 animo
2052 1715 2121 1748 est,

265 1789 370 1813 nunc
402 1774 451 1812 nd
489 1775 800 1827 comparationes
831 1775 879 1812 ah
908 1773 991 1813 aliis
1013 1774 1154 1812 belluis
1176 1786 1318 1812 sumtas
1333 1772 1581 1827 progrediar.
1610 1773 1645 1811 A
1677 1772 1889 1811 canibus
1919 1772 2120 1811 leonem

265 1845 576 1883 timentibus
617 1844 733 1882 ducta
774 1842 944 1897 simplex
984 1845 1223 1896 comparatio
1267 1854 1325 1881 est
1364 1843 1409 1884 11.
1441 1845 1479 1888 5,
1510 1842 1614 1891 4763
1665 1843 1877 1882 similitudo
1917 1845 1990 1892 15,
2022 1845 2119 1884 271.

265 1917 422 1953 Tauri
455 1917 732 1968 mugientis
762 1915 887 1969 imago
921 1914 1206 1967 simplicissima
1244 1925 1301 1951 est
1334 1913 1377 1950 ll.
1409 1915 1478 1955 21.
1510 1913 1606 1957 237,
1639 1924 1820 1952 exornata
1852 1913 1898 1953 Il.
1928 1915 1994 1958 20,
2024 1913 2120 1954 403.

265 1988 300 2024 A
330 1986 480 2025 mulis
512 1987 673 2040 petitam
700 1985 918 2038 simplicem
948 1985 1279 2037 comparationem
1313 1985 1433 2022 habes
1464 1984 1542 2022 Od.
1561 1983 1712 2029 8,124,
1745 1984 1990 2037 eandemque
2022 1984 2121 2021 duo-

265 2057 340 2096 bus
371 2057 548 2096 versibus
578 2055 807 2110 ampliorem
837 2055 882 2094 Il.
920 2057 983 2103 10,
1015 2057 1110 2097 350.
1183 2056 1346 2109 Equos
1387 2056 1516 2095 eui-rui
1548 2055 1699 2094 iunctos
1730 2071 1847 2109 supra
1878 2071 1952 2108 per
1981 2071 2120 2109 synec-

266 2127 441 2165 dochen*
456 2142 493 2180 p.
526 2129 581 2166 30
610 2141 681 2180 pro
714 2128 799 2180 ipso
827 2141 945 2164 curru
976 2126 1025 2164 ad
1047 2141 1163 2165 naves
1197 2125 1398 2164 translatos
1428 2125 1605 2173 vidimus,
1636 2141 1771 2165 verum
1798 2124 1876 2167 Od.
1901 2126 1964 2173 13,
1994 2125 2045 2166 81
2078 2126 2119 2164 in

266 2201 558 2251 comparatione
591 2197 845 2249 explicatior-e
890 2198 1052 2235 eosdem
1082 2197 1336 2249 quadiiiugos
1365 2211 1451 2233 cum
1484 2210 1578 2233 nave
1619 2195 1741 2233 celeri
1772 2195 1931 2232 collatos
1962 2196 2119 2248 conspi-

268 2268 403 2308 cimus.
436 2269 613 2307 Duorum
633 2266 789 2306 illorum
808 2267 920 2307 locor
912 2284 998 2313 um,
1030 2269 1097 2321 qui
1114 2266 1187 2306 soli
1204 2267 1404 2320 equitandi
1420 2278 1542 2305 artem
1565 2279 1602 2306 et
1617 2282 1728 2304 usum
1742 2267 1975 2304 Homericae
2002 2267 2119 2311 aetati

268 2352 345 2377 non
378 2339 554 2391 ignotum
581 2338 699 2376 fuisse
731 2327 937 2395 pgodunt,
981 2352 1076 2375 unus
1121 2336 1217 2386 (Od.
1248 2338 1287 2381 5,
1319 2336 1419 2385 371)
1457 2337 1675 2390 simplicem
1706 2337 2038 2391 comparationem
2069 2336 2117 2373 ab

269 2409 430 2462 equite,
477 2409 501 2446 i.
535 2424 555 2447 e
589 2423 609 2445 a
643 2408 724 2446 viro
773 2423 876 2462 equo
908 2408 1125 2446 inhaerenti
1157 2408 1313 2446 ductam
1350 2407 1529 2454 exbibet,
1570 2408 1667 2447 alter
1712 2407 1875 2446 eandem
1911 2407 2149 2458 imaginem*
2183 2435 2197 2447 .

268 2480 407 2533 equitis
439 2477 650 2519 desultoris
683 2478 963 2533 petsectissima
991 2477 1244 2518 similitudine
1277 2493 1500 2532 expressam
1523 2478 1696 2518 ostendit
1720 2479 1762 2521 ll.
1786 2480 1851 2524 15,
1880 2477 1976 2519 670.
2035 2480 2118 2518 Nec

2009 2517 2047 2559 N

268 2550 679 2604 vespertiliones
711 2550 923 2590 stridentes
966 2560 1196 2605 aspernatus
1231 2559 1289 2589 est
1320 2549 1706 2604 Home1us,quibus
1743 2559 1782 2589 et
1819 2548 1869 2587 ad
1900 2539 2119 2612 simpffieem

1598 2660 1654 2694 (s
1784 2656 1816 2683 K

265 2712 305 2731 ἵε
1217 2739 1220 2741 -

1105 2745 1240 2791 Ιηκύ
