2360 3051
1037 304 1326 341 -21-

254 425 337 451 non
374 414 566 451 minorem
597 427 684 451 esse
703 415 904 455 invenies,
935 414 972 451 si
1008 415 1319 465 companatio-es
1355 412 1556 472 simplices
1591 429 1679 452 cnm
1705 416 1911 471 enuntiatis
1948 415 2100 469 simpli-

254 485 365 522 cibus
417 484 644 522 contuleris.
695 484 850 536 Atque
889 486 1123 536 praecipue
1145 485 1243 522 hoe
1266 484 1392 522 simile
1427 485 1597 528 habent,
1636 496 1679 521 ut
1706 497 1803 538 quot
1830 496 1921 523 sunt
1953 486 2094 526 classes

187 545 198 558 ”
253 553 337 594 sive
384 554 536 607 species
571 554 865 602 ,enuntiatorum
912 553 1173 608 simplicium,
1216 555 1380 596 totidem
1437 570 1589 595 summo
1631 556 1717 595 iure
1762 559 2096 610 comparationum

252 620 491 678 simplicium
520 623 633 663 statui
662 623 1026 680 possevideantur.
1084 626 1143 667 Ex
1169 626 1392 681 praeceptis
1423 625 1527 667 euim
1567 624 1914 667 Grammaticorum
1952 640 2096 667 recen-

252 694 488 733 tissimorum
514 695 680 750 quodvis
705 696 872 750 simplex
905 698 1143 736 enuntiatum
1168 708 1234 737 aut
1276 699 1329 737 ita
1360 697 1527 752 simplex
1558 707 1627 744 est,
1659 707 1701 735 ut
1730 711 1778 735 ex
1804 697 1888 736 solo
1915 699 2092 736 subiecto

252 774 294 802 et
321 766 546 818 praedicato
572 782 671 821 quae
701 778 895 806 vocantur
920 779 1089 813 constet,
1117 780 1184 807 aut
1218 771 1434 808 subiectum
1469 768 1782 823 praedicatumve
1800 768 1863 807 vel
1882 779 2091 822 utrumque

250 836 573 888 amplificationes
610 841 689 877 sive
720 841 987 892 appositiones
1016 821 1210 889 admittam
1236 842 1343 893 quod
1373 843 1406 878 si
1435 842 1578 880 factum
1618 852 1689 887 est,
1722 842 1960 879 enuntiatum
2002 841 2090 891 qui-

252 905 347 945 dem
372 908 538 963 simplex
563 921 706 958 manet,
736 910 884 951 dumne
915 912 1022 951 aliud
1046 913 1284 952 enuntiatum
1304 914 1384 953 sive
1406 912 1700 953 subordinatum
1716 913 1794 951 sive
1817 910 2091 956 com-dinatum

247 977 422 1025 accedat,
446 978 518 1016 sed
546 990 739 1035 tamquam
757 982 872 1020 nudis
892 984 1069 1038 corporis
1101 984 1286 1032 membris
1306 985 1466 1023 ¹vestitus
1496 995 1537 1023 et
1559 994 1714 1023 ornatus
1739 982 1999 1021 circumdatus
2021 992 2090 1021 est.

250 1050 367 1097 Quod
387 1052 475 1089 satis
492 1066 673 1105 magnum
694 1054 904 1092 discrimen
920 1066 962 1093 nt
976 1058 1090 1095 etiam
1107 1058 1265 1095 nomine
1290 1058 1432 1109 cuique
1455 1056 1587 1109 generi
1610 1056 1773 1108 proprio
1794 1054 2090 1108 significaretur,

247 1118 316 1158 illa
362 1122 557 1160 enuntiata
586 1122 777 1177 simplicia
818 1141 941 1180 eaque
970 1126 1093 1175 nuda,
1122 1128 1223 1167 haec
1251 1127 1442 1181 simplicia
1472 1143 1595 1180 eaque
1626 1126 1854 1180 amplificata
1896 1126 2089 1165 nominari

244 1189 403 1243 placuit.
460 1181 774 1249 Nequedispar
815 1197 913 1237 ratio
957 1208 1015 1237 est
1055 1198 1387 1252 comparationum
1423 1196 1676 1251 simplicium3
1715 1210 1836 1234 unum
1877 1209 2000 1250 genus
2031 1206 2089 1237 est

244 1275 388 1307 earum,
422 1277 523 1316 quae
562 1263 664 1304 adeo
705 1266 903 1319 simplices
942 1278 1051 1316 suut,
1090 1279 1133 1307 ut
1170 1268 1267 1307 nihil
1306 1277 1465 1322 praeter
1496 1281 1639 1307 nomen
1675 1268 1736 1306 rei
1782 1266 1848 1306 vel
1894 1279 2087 1320 personae

243 1347 410 1385 quacum
444 1332 516 1372 alia
550 1349 613 1373 res
646 1335 709 1375 vel
741 1351 910 1391 persona
952 1338 1152 1378 confertur
1190 1354 1284 1393 prae
1316 1353 1358 1377 se
1398 1338 1544 1385 ferant,
1573 1352 1670 1391 quas
1701 1336 1900 1387 simplices
1941 1350 2086 1389 easque

242 1402 366 1441 nudas
396 1406 597 1444 nominare
639 1406 771 1456 lubet;
815 1408 978 1447 alterum
1017 1424 1107 1448 vero
1139 1424 1258 1463 genus
1294 1410 1466 1463 reliquas
1508 1409 1629 1447 multo
1655 1408 1788 1461 plures
1827 1407 2084 1460 comparatio-

242 1487 311 1510 nes
358 1475 659 1527 comprehendit
716 1479 820 1516 vario
868 1478 1006 1517 modo.
1042 1472 1316 1533 amplificatas,
1361 1491 1400 1519 et
1449 1479 1572 1517 nihilo
1625 1489 1752 1517 tamen
1806 1478 1932 1515 minus
1992 1477 2084 1513 sim-

239 1543 364 1595 plices
394 1546 675 1595 nominanda53
706 1563 803 1601 quas
831 1562 963 1587 omnes
996 1550 1137 1589 eodem
1168 1551 1325 1588 nomine
1356 1549 1557 1603 appellare
1586 1549 1733 1594 licebit,
1765 1562 1843 1601 quo
1883 1549 2085 1585 Gramma-

242 1615 308 1651 tici
339 1614 388 1651 ad
419 1616 657 1654 simillimum
688 1633 807 1671 genus
835 1621 1121 1658 enuntiatorum
1148 1621 1412 1659 denotandum
1441 1623 1503 1658 usi
1523 1632 1630 1658 sunt.

359 1687 415 1724 Ut
442 1688 560 1740 igitur
590 1686 928 1742 a'simplicissimo
958 1708 1106 1745 genere
1147 1692 1297 1738 ordiar,
1329 1693 1635 1745 comparationes
1665 1692 1742 1729 huc
1777 1692 2016 1743 pertinentes
2047 1700 2089 1727 ut

242 1754 325 1795 levi
363 1769 485 1810 opera
534 1758 804 1808 conficiuntur,
835 1762 887 1800 ita
917 1761 1101 1801 facillime
1132 1772 1417 1816 cognoscuntur
1464 1772 1505 1814 et
1538 1771 1679 1815 sponte
1710 1776 1776 1799 sua
1819 1775 1861 1799 se
1908 1759 2085 1806 offerunt,

240 1836 284 1863 ut
330 1827 509 1880 exempla
551 1830 676 1868 ubivis
717 1832 830 1869 obvia
873 1832 1013 1871 aflerre
1061 1846 1159 1885 opus
1206 1847 1285 1870 non
1326 1834 1386 1873 sit.
1444 1833 1542 1870 Nam
1575 1841 1730 1885 praeter
1756 1832 1980 1869 adverbium
2021 1840 2086 1867 aut

240 1895 475 1936 adiectivum
506 1900 766 1939 similitudinis
796 1903 875 1940 sive
901 1892 1237 1949 dissimilitudinis,
1250 1903 1300 1941 de
1320 1903 1461 1956 quibus
1482 1903 1678 1955 copiosius
1697 1901 1880 1940 disseiuit
1904 1900 2086 1953 Spitzne-

245 1980 314 2006 rus
335 1982 496 2008 excurs.
523 1970 656 2009 XXVI
685 1986 726 2024 p.
758 1973 812 2012 25
844 1986 942 2027 sqq„
972 1974 1071 2012 nihil
1101 1989 1200 2028 opus
1233 1985 1302 2021 est,
1319 1974 1395 2013 nisi
1420 1984 1463 2012 ut
1490 1987 1555 2011 res
1584 1987 1683 2027 quae
1711 1973 1760 2011 ad
1781 1970 2086 2025 comparandum

239 2022 451 2075 adhibetur
479 2039 708 2093 simpliciter
736 2043 969 2094 nominetur.
1028 2043 1130 2081 Num
1156 2056 1281 2082 autem
1312 2058 1374 2083 res
1400 2045 1451 2083 ita
1478 2043 1641 2083 collatae
1672 2054 1773 2082 totae
1812 2057 1861 2080 an
1891 2056 1936 2079 ex
1972 2050 2084 2094 parte

240 2106 371 2160 aliqua
407 2120 473 2147 aut
510 2112 660 2148 ratione
704 2114 995 2152 similitudinem
1034 2116 1139 2152 inter
1178 2129 1219 2152 se
1256 2116 1442 2161 habeant,
1475 2130 1593 2167 quum
1623 2129 1701 2153 non
1732 2114 1876 2151 diserte
1906 2112 2082 2155 addatur,

241 2177 416 2218 audienti
447 2180 505 2220 vel
535 2181 682 2236 legenti
712 2183 1006 2223 diiudicandum
1034 2185 1280 2238 relinquitur.
1342 2186 1425 2224 Sed
1452 2200 1527 2239 pro
1559 2198 1665 2224 certo
1694 2199 1844 2238 ponere
1873 2183 1974 2227 licet,
2004 2182 2085 2219 Ho-

240 2238 395 2289 merum
424 2250 485 2291 his
514 2252 629 2292 nudis
661 2254 1012 2308 comparationibus
1042 2270 1121 2296 non
1151 2271 1308 2297 usurum
1338 2256 1471 2304 fuisse,
1500 2257 1575 2297 nisi
1607 2257 1760 2297 tertium
1787 2252 2085 2308 comparationis

245 2322 353 2375 quod
369 2334 509 2361 vocant
526 2325 645 2362 cuivis
658 2339 791 2363 eorum
808 2327 876 2380 qui
894 2336 975 2364 tum
990 2327 1200 2365 audiebant
1212 2337 1346 2365 notum
1364 2312 1508 2366 fuisset.
1540 2327 1657 2376 Quod
1677 2340 1766 2365 vero
1784 2324 1904 2362 multo
1921 2324 2087 2361 maxima

244 2407 378 2431 earum
403 2408 495 2447 pars
526 2396 748 2434 etiamnunc
778 2397 891 2435 nobis
918 2398 967 2435 ab
993 2397 1059 2435 illa
1084 2382 1207 2436 aetate
1240 2409 1289 2436 et-
1304 2399 1501 2437 sentiendi
1528 2401 1677 2437 ratione
1702 2397 1969 2435 remotissimis
1995 2392 2086 2431 nul-

241 2461 321 2500 lm
350 2463 614 2503 difficultatem
643 2477 707 2503 aut
736 2467 1016 2506 obscuritatem
1036 2469 1165 2515 affert,
1195 2470 1313 2521 magis
1346 2468 1565 2506 mirandum
1595 2469 1785 2512 arbitror,
1816 2480 1933 2518 quam
1972 2463 2084 2517 quod

240 2532 285 2570 in
312 2533 519 2574 nonnullas
550 2535 739 2579 eiusmodi
766 2538 1075 2592 comparationes
1099 2538 1317 2586 incidimus,
1348 2540 1389 2577 in
1419 2540 1560 2593 quibus
1593 2538 1690 2593 quid
1718 2547 1832 2591 poeta
1866 2534 1991 2574 simile
2032 2535 2090 2588 vi<

245 2602 354 2643 derit
382 2605 577 2647 incertum
624 2607 869 2663 relinquitur.
938 2610 1109 2658 Quarum
1146 2610 1313 2664 ipsarum
1352 2610 1489 2649 maiori
1525 2611 1626 2663 parti
1664 2623 1743 2648 non
1778 2622 1897 2662 parva
1935 2606 2004 2645 lux
2043 2619 2090 2645 eo
