2360 3051
1043 298 1329 339 ...28-

255 416 385 470 repeti
413 423 553 468 potest,
583 413 634 451 ita
664 411 836 467 reliquas
874 411 957 451 sere
999 425 1137 451 omnes
1180 426 1227 450 ex
1251 425 1325 451 ovo
1363 412 1536 465 primum
1561 413 1673 466 quasi
1701 411 1946 467 prodeunte·
1978 425 2019 454 et
2047 417 2112 456 vix

256 486 339 524 sine
368 483 607 522 adminiculo
638 482 869 522 incedentes
900 483 1173 536 conspicimus.
1234 482 1426 536 Exempla
1460 483 1779 537 metaphorarum
1807 498 1909 538 qnae
1937 483 2021 524 aliis
2049 477 2112 525 lo-

256 555 309 595 cis
350 553 707 607 comparationibus
748 553 965 593 inserviunt
1000 553 1130 592 omnia
1158 564 1384 607 proponere
1414 566 1535 606 quum
1561 565 1636 606 per
1663 552 1778 606 spatii
1802 554 1993 608 angustias
2029 568 2111 594 non

255 625 381 670 liceat,
412 625 567 677 potiora
604 623 796 677 quaedam
825 624 1018 662 sufficiant
1047 623 1097 661 ad
1130 622 1437 661 confirmandum
1468 622 1578 676 quod
1607 636 1713 661 nune
1736 623 1925 664 volumus.
1993 628 2111 665 Prae-

258 708 317 734 ter
345 698 409 734 eas
449 698 760 748 comparationes
790 695 1000 747 simplices,
1032 712 1053 733 a
1084 696 1225 746 quibus
1255 693 1436 733 facillime
1482 693 1532 731 ad
1568 694 1815 746 metaphoras
1857 697 2012 735 transiri
2038 712 2111 749 po-

256 766 375 804 tuisse
404 781 490 818 pag.
524 766 575 804 15
615 764 799 811 diximus,
836 763 1024 803 nonnulla
1052 763 1127 803 alia
1156 763 1281 802 habeo
1314 777 1412 816 quae
1439 761 1673 801 documento
1705 773 1814 811 sunt,
1862 778 1979 817 quam
2003 774 2109 803 arcte

260 837 517 875 cohaerentes
561 836 671 888 quasi
713 844 752 873 et
791 833 968 888 alligatae
1015 834 1254 889 comparatio
1291 843 1329 871 et
1368 832 1597 886 metaphora
1633 830 1740 885 apud
1784 832 2001 871 Homerum
2048 835 2110 871 in-

254 908 467 944 veniantur.
526 903 679 958 Insigne
722 905 943 958 exemplum
986 915 1045 943 est
1087 904 1134 941 ΙΙ.
1169 905 1209 948 8,
1243 903 1338 949 163,
1369 904 1436 940 ubi
1474 904 1620 941 Hector
1649 901 1885 939 Diomedem
1909 903 2108 955 proelium

255 974 518 1013 declinantem
545 976 595 1012 ita
627 975 823 1012 invehitur

1122 1041 1317 1096 γυναικὸς
1349 1039 1416 1098 ἄρ’
1444 1041 1544 1083 α’ντὶ
1569 1040 1731 1091 τέτυξο.

606 1111 714 1171 ἐ’ῤῥε,
743 1114 847 1162 κακὴ
876 1111 1014 1168 γλήνη.

253 1190 424 1228 Exorsus
457 1199 539 1227 erat
563 1203 584 1226 a
617 1188 928 1241 comparatione3
962 1208 1012 1215 —
1046 1185 1144 1226 nihil
1176 1188 1277 1227 enim
1314 1186 1471 1233 dubito,
1504 1187 1600 1240 quin
1630 1182 1732 1226 α’ντί
1760 1187 1837 1226 hoc
1867 1186 1955 1226 loco
1988 1196 2029 1225 ut
2059 1185 2107 1225 Il.

255 1258 296 1304 9,
332 1258 431 1304 1163
458 1258 524 1303 21,
558 1258 633 1304 753
661 1257 737 1295 Od.
768 1259 807 1302 8,
849 1255 904 1295 54
945 1267 1176 1309 potestatem
1223 1256 1401 1297 adiectivi
1443 1253 1537 1301 ἶσος
1566 1257 1718 1304 habeat,
1750 1272 1849 1311 quae
1881 1257 2021 1333 εαᾷςίμι
2052 1258 2107 1296 vis

253 1334 293 1370 in
323 1328 453 1365 verbis
505 1327 694 1379 copulatis
734 1324 982 1380 ἀντιάνειρα
1027 1327 1094 1376 (cf.
1135 1327 1181 1365 Il.
1210 1329 1247 1372 3,
1282 1328 1384 1375 1893
1430 1333 1467 1372 5,
1503 1326 1600 1375 186)
1634 1338 1674 1366 et
1708 1324 1927 1375 ἀντίθεος,
1955 1314 2014 1365 ‘aa‘
2029 1341 2108 1381 quo

251 1396 349 1434 nihil
382 1396 513 1434 differt
556 1394 742 1443 ἰσόθεος,
782 1397 902 1443 inest,
940 1398 986 1436 cf.
1026 1397 1221 1452 Spitzneri
1257 1411 1340 1436 exc.
1379 1397 1430 1435 de
1462 1412 1518 1436 vv.
1550 1394 1652 1434 α’ντί
1685 1407 1722 1435 et
1756 1393 1870 1436 ἄντα
1895 1412 1933 1451 p.
1964 1399 2109 1446 LX11.;

254 1486 308 1492 —
340 1482 362 1502 a
393 1468 684 1518 comparatione
716 1468 832 1519 igitur
871 1478 983 1504 aucto
1014 1469 1132 1503 animi
1173 1467 1312 1504 affectu
1354 1466 1609 1519 progreditur
1639 1466 1689 1503 ad
1719 1468 2004 1520 metaphoram,
2036 1482 2112 1520 qua

256 1534 366 1586 quod
396 1534 514 1571 modo
546 1535 701 1571 hostem
731 1549 818 1571 cum
848 1535 991 1571 semina
1033 1549 1262 1585 comparans
1300 1539 1554 1588 vituperarat‚
1585 1552 1690 1574 nunc
1729 1537 1877 1574 sublata
1909 1551 2111 1588 compara·

256 1607 364 1645 tione
404 1606 534 1658 ipsum
575 1605 749 1657 ignavam
794 1603 970 1657 puellam
1009 1603 1212 1658 appellans
1261 1606 1436 1645 attributi
1483 1605 1601 1645 modo
1651 1606 1693 1645 in
1738 1605 1906 1645 eundem
1946 1606 2110 1645 confert.

255 1675 356 1714 Huic
389 1675 621 1714 contrariam
652 1673 909 1728 metaphorae
943 1684 981 1713 et
1011 1675 1313 1728 comparationis
1346 1675 1540 1714 rationem
1571 1688 1809 1730 cognoscere
1840 1685 1953 1730 potes
1987 1690 2034 1714 ex
2064 1674 2110 1714 Il.

258 1744 305 1793 4,
347 1744 451 1792 274,
490 1746 557 1783 ubi
595 1745 867 1799 metaphoram
905 1760 924 1782 a
965 1745 1073 1783 nube
1120 1744 1276 1785 ductam
1315 1747 1553 1784 usitatiorem
1589 1745 1695 1783 illam
1727 1746 1909 1800 quidem,
1949 1757 1991 1784 ut
2020 1760 2111 1785 mox

251 1818 491 1863 videbimus,
533 1819 711 1871 sequitur
752 1819 991 1870 comparatio
1034 1819 1157 1855 maior
1200 1819 1281 1855 sive
1324 1817 1537 1856 similitudo
1570 1819 1631 1856 cui
1664 1818 1805 1856 eadem
1835 1819 1948 1856 nubis
1978 1820 2106 1871 imago

253 1891 406 1936 subest3
438 1904 484 1926 ex
512 1903 591 1941 quo
623 1903 695 1926 usu
734 1887 828 1926 licet
866 1888 1023 1934 videre,
1061 1899 1306 1941 quantopere
1347 1899 1485 1941 poetae
1515 1889 1663 1926 animus
1693 1888 1743 1926 ad
1775 1890 2108 1941 comparationum

253 1972 432 1999 ornatum
463 1959 669 1998 inclinarit.
732 1961 855 2008 Quam
901 1958 1127 1998 verecunde
1170 1970 1297 1998 autem
1342 1973 1417 1998 uno
1449 1959 1536 1999 loco
1574 1960 1843 2013 metaphorice
1877 1959 2007 1998 divino
2034 1974 2107 1998 nu-

249 2033 356 2068 mine
386 2030 437 2067 ad
481 2031 681 2068 hominem
723 2029 994 2068 extollendum
1033 2045 1124 2068 usus
1155 2031 1215 2075 sit,
1247 2030 1291 2067 Il.
1323 2029 1390 2076 24,
1417 2031 1502 2070 ‘258
1536 2030 1736 2082 docemur,
1768 2045 1846 2084 quo
1877 2030 1966 2068 loco
1994 2041 2107 2083 pater

250 2100 554 2155 praeclarissimi
594 2100 665 2138 filii
704 2100 825 2139 caede
868 2100 1046 2140 adflictus
1084 2099 1194 2139 illum
1232 2102 1334 2139 inter
1374 2100 1554 2140 mortales
1586 2100 1703 2139 deum
1738 2101 1858 2139 fuisse
1889 2101 2105 2155 praedicat,

250 2170 322 2210 sed
352 2172 479 2210 statim
512 2170 766 2225 metaphorae
796 2170 997 2210 audaciam
1023 2172 1164 2209 minuit
1192 2172 1238 2209 iis
1270 2186 1370 2225 quae
1394 2183 1623 2226 sequuntur.
1684 2173 1843 2210 Praeter
1865 2171 1943 2210 hoe
1976 2185 2107 2209 exem-

249 2242 360 2296 plum
391 2242 646 2296 metaphorae
677 2258 697 2280 a
717 2241 776 2281 dis
793 2242 1035 2296 depromtae‚
1067 2243 1130 2282 cui
1153 2242 1402 2281 adnumerari
1430 2253 1560 2296 potest
1589 2243 1632 2281 11.
1668 2244 1730 2287 12,
1769 2242 1860 2288 ¹88,
1892 2243 2105 2281 ubiLcon-

249 2324 335 2350 teus
365 2309 462 2360 ὄζος
491 2311 642 2367 Ἄρηος
687 2325 865 2359 vocatur,
912 2315 1105 2352 Homerus
1143 2315 1414 2366 metaphorico
1457 2329 1529 2351 usn
1567 2316 1607 2351 in
1647 2329 1690 2351 re
1730 2324 1806 2351 tam
1847 2325 1976 2352 sancta
2009 2329 2104 2352 con·

251 2382 351 2422 sulto
382 2384 616 2423 abstinuisse
648 2383 812 2431 videtur,
845 2399 961 2438 quem
992 2386 1210 2424 sexcenties
1242 2394 1282 2421 et
1310 2385 1453 2421 iteratis
1487 2394 1524 2421 et
1546 2384 1700 2422 variatis
1731 2383 1973 2436 simplicibus
1995 2397 2102 2422 com-

249 2454 516 2506 parationibus
546 2469 568 2492 a
599 2453 660 2491 dis
688 2455 819 2507 petitis
863 2470 972 2494 usum
999 2456 1115 2494 fnisse
1146 2464 1306 2494 constat.
1368 2455 1427 2492 De
1464 2453 1651 2493 liberiore
1683 2466 1811 2494 autem
1842 2468 1913 2491 usu
1942 2452 2103 2492 adiecti-

253 2538 388 2564 vorum
417 2541 439 2565 a
467 2541 501 2565 v.
531 2523 633 2571 θεός
660 2524 841 2566 derivatis
868 2526 927 2565 vel
960 2542 1049 2566 eum
1080 2540 1128 2566 eo
1160 2524 1364 2580 copulatis,
1395 2524 1427 2563 si
1457 2538 1535 2563 non
1553 2539 1663 2564 veras
1680 2525 1988 2579 comparationes
2006 2537 2103 2563 con-

252 2595 393 2641 tinent,
424 2596 502 2635 hoc
530 2596 620 2637 loco
648 2597 862 2637 accuratius
894 2611 1096 2652 exponere
1125 2595 1382 2651 supersedeo,
1415 2594 1523 2650 quod
1549 2610 1619 2636 sno
1649 2597 1817 2650 quisque
1836 2595 1970 2635 lahore
1988 2593 2102 2633 facile
