2360 3051
1061 268 1118 277 —
1174 247 1232 289 ω
1288 270 1349 280 -

1173 313 1181 321 .

274 364 350 403 ‘dm
377 363 540 419 >cuipas
567 367 692 402 verae
713 360 989 401 similitudinis·
1010 361 1225 416 imaginem
1263 371 1411 400 certam
1442 364 1769 414 repraesentantis
1807 375 1946 404 natura
1987 379 2126 404 conse-

251 434 588 489 ,ςιίιιη-ἲΡΙιίτοι
618 432 734 471 simul
762 446 828 471 res
858 432 939 471 sive
968 433 1154 471 anitnatas
1184 431 1263 471 sive
1302 432 1527 470 inanimatas
1558 434 1718 472 actionis
1749 434 1809 474 vel
1849 434 2130 490 descriptionis

147 499 171 523 ’ζ
222 496 421 559 ··'·'‘prium
449 515 585 559 partes
605 509 732 559 'agere
760 518 842 543 non
872 517 997 558 posse,
1027 514 1070 542 ut
1091 546 1095 550 .
1113 516 1193 541 non
1226 504 1341 542 unius
1375 504 1552 556 imaginis
1582 503 1671 543 loco
1701 504 1803 545 duae
1831 507 2020 560 pluresve
2062 521 2131 546 ex-

69 567 109 603 “5
130 561 186 634 {st
223 591 228 595 ·
275 576 443 615 sisi-‘nh'
483 576 620 629 Itaque
649 576 844 614 Homerus
874 575 1124 614 subtilissimo
1154 589 1269 614 sensu
1299 575 1386 613 fere
1428 576 1576 629 ubique
1607 575 1745 614 duetus
1777 578 1965 616 eiusmodi
1994 594 2131 617 rerum

174 642 182 648 ⁷
214 695 217 699 ²
273 644 448 698 plurium
492 646 534 683 in
576 644 895 683 similitudinibus
946 646 1238 684 coniuncturum
1281 660 1354 684 usu
1393 647 1444 684 ita
1480 646 1689 691 abstinuit,
1731 658 1774 686 ut
1814 659 1972 701 praeter
2009 664 2128 688 unum

214 707 231 724 ²
277 717 499 770 exemplum
532 717 639 770 quod
670 728 707 756 et
743 718 872 770 ipsum
912 731 1016 754 suam
1055 717 1176 755 babet
1209 718 1493 756 excusationem
1545 717 1709 756 alterum
1749 718 1886 758 afferre
1923 734 2124 774 nequeam.

210 805 215 810 ·
274 788 346 827 Est
370 799 499 827 autem
529 788 629 827 illud
659 787 704 826 Il.
735 791 775 834 2,
802 788 899 833 459,
931 787 1040 840 quod
1069 787 1121 826 ita
1140 789 1305 840 incipit:

225 847 237 854 ’
499 853 504 856 ”
622 860 709 896 τῶν
739 853 791 907 δ’,
822 853 915 903 (ὅς-τ’
942 855 1121 913 ὀρνίθων
1149 858 1355 903 πετεηνῶν
1385 853 1511 898 ἔθνεα
1540 857 1700 913 πολλά,

621 931 760 981 χηνῶν
789 926 812 973 ἢ
840 928 1020 982 γεράνων
1049 925 1072 972 ἢ
1097 928 1253 966 κύκνων
1278 924 1581 982 δολιχοδείρων
1614 950 1669 958 -

276 1001 321 1039 In
355 1001 430 1040 bac
470 1001 758 1053 comparatione
821 1016 940 1052 quum
988 1000 1030 1037 id
1071 1001 1313 1051 potissimum
1356 1012 1511 1051 agatur,
1555 1011 1598 1037 nt
1648 1002 1801 1052 qualem
1844 1003 2047 1054 strepitum
2089 1012 2129 1039 et

275 1068 504 1124 clangorem
537 1070 676 1110 turbae
707 1070 831 1109 avium
860 1071 900 1109 in
928 1080 1072 1109 terram
1103 1069 1356 1110 considentes
1386 1070 1551 1119 faciant,
1588 1073 1755 1125 imagine
1781 1085 2125 1125 repraesentetur:

274 1141 373 1178 nibil
402 1141 539 1187 refert,
571 1152 667 1195 quot
696 1152 735 1179 et
763 1141 889 1196 qualia
918 1142 1044 1179 avium
1076 1155 1222 1195 genera
1252 1142 1511 1190 nominentur,
1541 1153 1581 1183 et
1610 1142 1784 1183 audienti
1801 1143 1995 1198 legentive
2021 1145 2127 1184 iuter

274 1212 388 1265 plura
417 1212 587 1265 eligendi
616 1223 785 1266 potestas
816 1213 939 1251 datur.
1012 1213 1067 1250 Ita
1096 1213 1167 1250 tria
1202 1212 1268 1250 illa
1318 1222 1509 1250 certarum
1553 1214 1678 1251 avium
1718 1227 1860 1267 genera
1904 1213 1955 1252 ad
2003 1214 2127 1267 ipsam

275 1284 481 1337 imaginem
511 1298 592 1323 non
624 1283 746 1322 multo
776 1284 932 1322 maioris
962 1285 1150 1323 momenti
1179 1293 1279 1329 sunt,
1323 1299 1439 1336 quam
1469 1298 1589 1337 quum
1619 1286 1660 1322 in
1691 1284 1779 1322 aliis
1810 1284 2124 1323 similitudinibus

275 1368 339 1392 res
369 1353 567 1393 inferioris
586 1353 734 1393 ordinis
765 1354 866 1393 duae
884 1363 950 1393 aut
973 1366 1065 1401 tres,
1097 1356 1193 1408 quin
1221 1369 1297 1393 uno
1327 1354 1416 1393 loco
1444 1354 1505 1403 (ΙΙ.
1542 1356 1603 1397 10,
1636 1357 1661 1394 5
1692 1355 1812 1408 sqq),
1842 1355 1951 1408 quod
1982 1357 2119 1408 utique

276 1426 417 1463 mirum
447 1424 575 1463 videri
605 1430 749 1478 potest,
778 1436 944 1478 quatuor
974 1425 1230 1463 inveniuntur.
1291 1425 1406 1473 Quod
1435 1439 1529 1463 vero
1561 1425 1602 1462 in
1633 1426 1753 1463 rebus
1784 1427 1978 1478 primariis
2010 1427 2119 1463 simi-

275 1494 483 1532 litudinum
513 1496 610 1532 ferri
639 1497 791 1548 nequit,
816 1495 860 1532 id
885 1509 931 1533 eo
964 1496 1257 1533 convenientius
1290 1505 1330 1533 et
1358 1494 1601 1547 frequentius
1628 1495 1668 1531 iu
1700 1495 1943 1548 simplicibus
1962 1508 2120 1547 compa-

275 1566 491 1604 rationibus
509 1566 692 1611 occurrit,
722 1576 761 1603 et
787 1565 873 1618 ipsa
900 1565 999 1603 haec
1020 1579 1150 1602 rerum
1166 1566 1404 1603 coacervatio
1419 1575 1556 1617 poetae
1573 1565 1806 1618 singularem
1835 1575 1875 1603 et
1903 1565 2124 1605 facultatem

278 1647 318 1674 et
336 1636 570 1674 voluntatem
592 1636 793 1689 quaelihet
811 1651 910 1688 qnae
923 1635 1060 1673 similia
1083 1642 1319 1688 cognoverat
1333 1635 1586 1687 comparandi
1605 1636 1783 1673 ostendit.
1852 1636 1897 1672 In
1920 1636 2122 1688 plerisque

276 1706 469 1746 eiusmodi
500 1707 852 1761 comparationibus
884 1706 998 1745 d‘uas
1034 1721 1099 1745 res
1131 1705 1179 1745 ad
1211 1705 1516 1759 comparandum
1547 1705 1769 1744 adhibuisse
1799 1706 1996 1745 Homerus
2027 1707 2118 1745 satis

273 1778 419 1823 habuit,
447 1779 594 1815 trium
625 1792 755 1815 rerum
786 1779 890 1815 iuxta
917 1778 1131 1831 positarum
1162 1776 1241 1815 duo
1272 1777 1435 1831 insignia
1494 1775 1672 1830 exempla
1706 1791 1790 1831 pag.
1825 1779 1849 1817 7
1881 1778 1957 1815 iam
1989 1777 2120 1816 consi-

273 1848 508 1896 deravimus,
534 1860 638 1888 nunc
669 1848 832 1887 aliorum
852 1859 999 1886 tantum
1036 1847 1146 1887 locos
1175 1847 1349 1885 indicare
1387 1847 1490 1894 lieet,
1523 1850 1590 1902 qui
1621 1860 1709 1886 sunt
1738 1848 1784 1885 Il.
1817 1849 1881 1894 13,
1913 1849 2020 1896 3893
2049 1850 2119 1896 22,

278 1916 383 1970 1513
413 1919 490 1959 Od.
521 1920 559 1966 2,
594 1920 687 1961 119.
745 1919 914 1959 Unicum
955 1920 1196 1975 exemplum,
1236 1922 1278 1958 in
1318 1923 1397 1973 quo
1429 1936 1516 1959 eum
1555 1931 1780 1974 quatuor
1807 1921 1928 1958 rebus
1959 1935 2120 1971 compa-

271 1993 369 2030 ratio
395 1992 495 2031 sacta
521 2002 591 2038 est,
622 1991 666 2030 ΙΙ.
701 1994 765 2038 13,
795 1990 879 2031 635
910 1992 1091 2046 praebet,
1122 1992 1190 2031 ubi
1221 1991 1426 2031 Menelaus
1457 1993 1628 2031 omnium
1660 2007 1793 2031 rerum
1823 1992 1931 2045 prius
1961 1992 2116 2030 satieta-

270 2061 352 2100 tem
382 2064 605 2101 bominibus
634 2065 728 2102 oriri
772 2065 981 2106 affirmans,
1019 2078 1136 2116 quam
1172 2065 1434 2101 Troianorum
1471 2062 1567 2100 belli
1599 2062 1791 2114 cupiditas
1820 2063 1991 2108 satietur,
2023 2077 2118 2115 qua-

271 2143 361 2172 tuor
398 2149 461 2173 res
505 2135 672 2172 maxime
715 2136 903 2187 expetitas
939 2136 1166 2172 nominatim
1204 2133 1340 2179 εὔει-ις
1387 2132 1496 2185 quod
1527 2147 1646 2185 quum
1683 2147 1756 2185 per
1782 2132 2112 2169 enumerationem

271 2205 441 2258 partium
473 2219 574 2260 quae
600 2215 760 2244 vocatur
791 2205 867 2252 fiat,
897 2219 978 2245 non
1008 2215 1067 2243 est
1097 2203 1205 2258 quod
1237 2203 1286 2241 dc
1305 2218 1469 2242 numero
1489 2218 1621 2241 rerum
1648 2204 1766 2255 magis
1785 2203 1970 2239 miremur
1993 2217 2116 2254 quam

271 2273 321 2312 de
354 2274 507 2314 insolita
551 2270 866 2329 comparationis*
890 2275 1034 2323 forma,
1071 2273 1122 2313 de
1163 2288 1238 2329 qua
1275 2273 1412 2327 partic.
1452 2273 1503 2321 Il,
1541 2288 1576 2313 c.
1620 2274 1707 2312 Vll.
1749 2288 1788 2326 p.
1832 2272 1893 2312 19.
1935 2271 2114 2312 diximus.

271 2346 331 2383 Cfi
361 2346 525 2385 similem
564 2349 897 2385 enumerationem
926 2348 968 2384 in
1006 2347 1295 2400 comparatione
1335 2345 1449 2382 etiam
1489 2344 1608 2398 magis
1646 2343 1797 2382 insolita
1837 2344 1960 2381 forma
2001 2357 2119 2396 prae·

269 2410 350 2453 dite
379 2411 425 2452 Il.
456 2415 524 2461 23,
553 2415 652 2455 315.

381 2483 462 2523 Ia'm
493 2498 586 2525 vero
616 2486 648 2524 si
686 2485 893 2540 particulas
924 2486 1065 2541 quibus
1095 2485 1268 2540 singulae
1294 2484 1384 2523 illae
1413 2500 1477 2524 res
1502 2491 1785 2524 connectantur
1811 2485 2119 2534 consideramus,

268 2556 497 2596 disiunctio·
524 2547 552 2602 ἦ
576 2556 656 2596 sive
698 2555 747 2603 ἠέ
774 2559 815 2595 in
861 2556 1065 2612 plerisque
1108 2556 1297 2595 eiusmodi
1336 2556 1706 2610 comparatio-ibas,-
1745 2557 1863 2609 Ψιιοἰ
1886 2542 1948 2595 ad‘
1980 2558 2117 2612 vigbti

1858 2629 1883 2667 5
