2360 3051
1037 298 1321 337 ...gs-⁶.

253 414 597 470 Comparationum
626 414 675 451 ab
704 412 789 450 aliis
814 412 932 449 rebus
960 412 1181 466 petitarum,
1211 411 1353 465 quibus
1383 424 1474 465 pars
1503 410 1631 465 aliqua
1657 421 1721 449 aut
1735 412 1961 451 attributum
1979 409 2095 450 addi·

252 495 334 532 tum
364 496 433 532 est,
463 486 561 523 haec
591 482 770 536 exempla
798 492 956 536 praesto
986 493 1093 521 sunt:
1130 481 1178 520 Il.
1207 477 1250 527 4,
1286 481 1369 521 253
1412 491 1472 520 est
1505 475 1582 519 συῒ
1621 481 1773 527 εἴκελος
1810 481 1944 527 ἀλκήν
1976 494 2016 521 et
2045 482 2092 522 11.

255 557 320 603 13,
349 555 434 595 330
463 550 594 607 φλογὶ
624 549 779 597 εἴκελος
808 549 954 599 ἀλκήν,
983 552 1029 590 11.
1056 554 1124 598 20,
1154 553 1240 593 372
1269 548 1342 590 καί
1383 551 1420 590 εὶ
1450 545 1557 590 ἔοικε
1584 548 1705 603 μένος
1742 554 1893 593 αἴθωνι
1920 548 2094 610 σιδήρῳ,

251 625 297 665 11.
326 626 368 672 5,
391 626 483 666 -778
509 625 612 662 Juuo
643 634 681 662 et
710 623 887 662 Minerva
915 620 1052 677 βάτην
1080 621 1266 677 τρήρωσι
1295 619 1517 661 πελείασιν
1541 622 1698 673 ἴθμαθ’
1731 623 1893 674 ὁμοῖαι,
1923 626 2001 664 Οά.
2028 630 2098 674 2¹.

251 693 332 737 4¹1
366 694 420 735 de
449 681 561 734 arcus
603 707 723 733 nervo
769 704 843 732 est:
884 689 1079 748 χελιδόνι
1122 691 1258 739 εἰκέλη
1301 686 1446 739 αὐδήν.
1507 695 1613 734 Loco
1655 697 1858 734 accusativi
1888 698 2024 738 eadem
2055 701 2094 739 vi

251 767 406 806 additus
438 777 498 805 est
521 766 730 804 infinitivus
760 759 804 802 11.
840 767 903 810 10,
933 765 1030 810 437,
1058 765 1125 801 ubi
1152 765 1243 818 equi
1270 774 1456 803 vocantur
1484 762 1683 815 ἀνέμοισι
1713 763 1844 805 θείειν
1875 766 2029 818 ὁμοῖοι.

365 837 431 876 Ad
459 838 557 875 haec
583 836 760 889 exempla
790 835 915 874 additi
955 836 1159 874 accusativi
1197 836 1317 888 partis
1355 846 1420 873 aut
1454 835 1648 889 qualitatis
1685 838 1865 889 proxime
1903 839 2096 879 accedunt

248 908 339 948 illae
370 909 680 963 comparationes
712 906 922 960 simplices,
954 920 1052 960 quae
1083 905 1252 944 eundem
1283 905 1443 960 quidem
1474 907 1732 946 accusativum
1770 907 1995 949 adiunctum
2025 911 2095 950 ha-

248 981 356 1030 bent,
386 980 456 1019 sed
487 994 608 1033 quum
637 979 669 1018 is
708 978 798 1017 loco
837 992 975 1017 vocum
1018 976 1309 1017 similitudinem
1346 977 1598 1017 indicantium
1635 994 1721 1017 cum
1758 981 1877 1019 verbo
1918 981 2093 1020 habendi

249 1063 315 1091 aut
342 1052 418 1090 alio
445 1050 562 1089 simili
590 1052 641 1088 ita
673 1051 900 1089 coniunctus
917 1050 975 1095 sit,
1007 1059 1048 1086 ut
1078 1062 1158 1087 non
1179 1059 1255 1086 tam
1286 1063 1347 1086 res
1378 1050 1484 1102 ipsae
1499 1051 1601 1088 inter
1616 1064 1655 1087 se
1672 1062 1960 1104 comparentur,
1978 1067 2095 1106 quam

248 1124 473 1162 attributum
502 1122 662 1176 aliquod
692 1121 798 1160 idem
829 1135 911 1159 esse
939 1120 1101 1167 dicatur,
1136 1121 1197 1158 vix
1225 1121 1529 1173 comparationes
1568 1121 1707 1158 haberi
1744 1133 1917 1174 possunt,
1957 1122 2092 1161 saltem

246 1195 298 1232 ita
326 1195 366 1231 in
397 1194 538 1231 finibus
570 1194 905 1246 comparationum
936 1193 1084 1245 positae
1111 1202 1211 1237 sunt,
1242 1201 1284 1227 ut
1312 1191 1404 1228 inde
1435 1190 1638 1228 facillimus
1671 1193 1719 1228 sit
1749 1192 1799 1228 ad
1825 1194 2093 1246 metaphoram

246 1266 438 1303 transitus.
499 1264 560 1302 Cf.
591 1265 727 1317 partic.
754 1263 806 1300 II.
838 1277 921 1316 cap.
951 1263 989 1299 11
1022 1272 1061 1301 et
1085 1262 1155 1301 VI.
1216 1263 1356 1315 Neque
1387 1262 1435 1299 ab
1463 1262 1508 1300 iis
1539 1276 1652 1300 sensu
1680 1262 1904 1315 discrepant
1934 1278 2091 1317 compa·

245 1336 412 1375 rationes
442 1335 483 1373 in
513 1335 643 1374 verbis
675 1334 863 1389 copulatis
884 1333 1062 1381 latentes,
1082 1347 1315 1388 quamquam
1336 1333 1459 1372 sorma
1484 1332 1645 1373 recedit.
1677 1334 1725 1374 cf.
1757 1333 1781 1371 l.
1812 1333 1839 1372 l.
1900 1335 2092 1390 Exempla

244 1408 398 1461 potiora
423 1407 522 1444 haec
552 1416 658 1443 sunt:
1192 1410 1195 1412 '

244 1477 289 1512 Il.
317 1479 357 1520 8,
386 1475 469 1516 349
501 1477 647 1512 Hector
674 1478 899 1527 circumagit
927 1489 1061 1528 equos,

532 1546 711 1598 Γοργοῦς
739 1541 897 1596 ὄμματ’
932 1540 1037 1598 ’έχων
1068 1541 1141 1590 ἠδὲ
1169 1542 1443 1599 βροτολοιγοῦ
1464 1539 1627 1598 ”Αρηος.

244 1618 346 1655 Tum
379 1614 424 1655 Il.
459 1618 494 1665 1,
526 1617 610 1657 225
641 1615 817 1655 Achilles
847 1616 1181 1670 Agamemnonem
1211 1614 1421 1669 alloquitur
1451 1614 1603 1669 duplici
1633 1615 1924 1669 comparatione
1956 1627 2091 1655 utens:

535 1684 788 1739 ozvossape'g.
809 1684 932 1730 κυνὸς
964 1681 1127 1737 ὄμματ’
1157 1680 1279 1739 ἔχων,
1309 1680 1484 1738 κραδίην
1513 1679 1549 1722 δ’
1581 1683 1776 1739 ἐλάφοιο.

244 1759 347 1794 Tum
376 1756 420 1793 ΙΙ.
455 1759 518 1801 17,
549 1755 632 1795 565

530 1823 647 1865 Ἀλλ’
666 1820 826 1882 (Ἐκτωρ
856 1823 985 1881 πυρὸς
1014 1823 1137 1866 αἰνὸν
1166 1819 1255 1879 ἐ’χει
1287 1823 1420 1877 μένος,
1450 1821 1538 1866 οὐδ’
1572 1825 1785 1879 ἀπολήγει.

243 1898 427 1952 Denique
460 1897 536 1935 Od.
566 1898 606 1944 4,
641 1896 693 1936 14
723 1898 801 1935 huc
829 1898 1012 1952 pertinet,
1070 1897 1138 1935 ubi
1168 1897 1382 1937 Hermione
1413 1899 1645 1946 nominatur,

529 1964 552 2012 ἢ
584 1962 693 2011 εἶδος
722 1961 794 2020 ἔχε
823 1967 1008 2021 χρυσέης
1037 1965 1300 2022 Ἀφροδίτης.
1340 1970 1401 2008 Cf.
1431 1970 1475 2006 ΙΙ.
1511 1970 1575 2015 16,
1596 1969 1700 2019 7623
1724 1972 1903 2017 2¹‚252.
1934 1972 2092 2010 Restant

243 2041 314 2078 tria
345 2039 521 2078 eiusdem
552 2040 703 2093 generis
735 2040 928 2092 exempla,
960 2041 998 2077 in
1028 2041 1171 2092 quibus
1203 2056 1322 2093 quum
1344 2043 1581 2093 praepositio
1613 2039 1700 2078 α’πὸ
1731 2042 1781 2078 ad
1799 2044 2007 2094 genitivum
2025 2058 2089 2080 ae-

243 2110 418 2156 cesserit,
451 2109 620 2149 dubitari
650 2121 782 2164 potest
812 2125 904 2148 num
934 2125 1025 2150 vera
1056 2111 1292 2164 comparatio
1326 2112 1523 2149 manserit.
1584 2110 1665 2150 Sed
1696 2114 1879 2165 quoniam
1917 2127 2090 2165 praepo-

242 2181 328 2219 sitio
359 2178 447 2219 ἀπὸ
479 2182 634 2235 saepius
664 2180 810 2219 nullam
842 2181 953 2219 aliam
971 2182 1047 2220 vim
1076 2182 1292 2229 habet,nisi
1313 2191 1354 2219 ut
1369 2191 1495 2220 ortum
1520 2183 1590 2229 rei,
1612 2182 1673 2221 cui
1692 2181 1964 2236 significandae
1975 2182 2088 2235 geui-

242 2253 339 2289 tivus
369 2252 471 2290 solus
503 2254 650 2298 sufficit,
677 2253 890 2290 accuratius
923 2252 1084 2290 definiat
1113 2253 1178 2303 (cf.
1212 2253 1380 2290 Passovii
1410 2252 1530 2290 lexic.
1551 2267 1582 2290 s.
1615 2268 1647 2291 v.
1676 2251 2088 2307 a'wo):comparatio-

242 2338 329 2360 nem
344 2323 474 2361 addita
486 2325 778 2376 praepositione
799 2324 986 2361 sublatam
1007 2339 1093 2361 esse
1113 2324 1296 2377 equidem
1314 2337 1393 2361 non
1406 2323 1578 2369 credam,
1596 2325 1825 2377 praesertim
1838 2325 2088 2377 sicompara-

244 2394 389 2433 tionum
402 2394 681 2432 simillimarum
695 2410 789 2447 quas
801 2395 919 2434 modo
931 2397 1118 2448 proposui
1138 2398 1324 2434 rationem
1338 2395 1477 2434 habeo.
1507 2397 1608 2434 Sunt
1624 2396 1852 2434 autemhaec
1865 2394 1958 2432 :Od.
1973 2394 2012 2442 6,
2030 2397 2085 2435 12

528 2461 737 2511 ’Λλκίνοος
767 2461 814 2504 δὲ
844 2463 942 2504 τότ’
968 2460 1085 2522 ἦρχε,
1117 2465 1223 2505 θεῶν
1255 2453 1339 2503 ἄπο
1368 2459 1505 2516 μήδεα
1534 2460 1664 2513 εἰδώς,

244 2546 282 2572 et
312 2536 452 2573 eodem
483 2537 585 2573 libro
615 2553 647 2573 v.
682 2538 745 2575 18.

555 2605 650 2662 πὰρ’
671 2601 716 2646 δὲ
747 2601 812 2646 δύ’
847 2604 1090 2661 ἀμφίπολοι
1118 2603 1312 2660 Χαρίτων
1342 2600 1427 2645 ἄπο
1457 2604 1613 2649 κάλλος
1643 2600 1844 2657 ἔχουσαι.
