2360 3051
1036 303 1322 344 -40-

253 434 356 457 mam
387 418 466 456 Od.
498 419 567 464 22,
594 417 694 459 383.
766 418 866 456 Item
902 416 1179 457 stellarum
1218 416 1425 472 fulgore
1455 431 1559 456 nunc
1606 414 1656 455 ad
1685 415 1906 470 simplicem
1938 432 2106 473 eamque

251 488 396 527 nudam
429 489 762 541 comparationem
793 489 988 527 Homerus
1028 494 1119 527 usus
1153 499 1210 527 est
1252 489 1299 527 11.
1330 489 1369 535 6,
1413 489 1519 537 2953
1560 487 1640 527 Od.
1687 489 1750 535 15,
1792 487 1894 537 106,
1919 503 2026 529 nunc
2054 491 2108 530 ad

254 558 482 612 explicatam
519 559 567 598 11.
608 560 647 606 5,
686 558 735 608 43
774 574 906 598 verum
945 559 989 598 ll.
1013 562 1081 608 22,
1120 559 1175 601 26
1215 576 1235 599 a
1270 561 1392 608 Sirio,
1432 560 1708 614 splendissime
1733 559 1858 606 stella,
1888 559 2108 600 similitudi·-

251 644 340 667 uem
373 628 618 683 praeclaram
661 631 788 684 petiit.
845 631 946 668 Cum
991 632 1194 668 nivibus
1237 631 1618 670 decidentibus
1660 631 1783 669 forma
1827 632 1942 668 etiam
1984 632 2105 685 magis

252 701 355 740 varia
383 701 559 740 Homero
592 715 819 755 comparare
851 700 1012 755 placuit.
1073 702 1367 756 Simplicissime
1398 703 1474 742 hoc
1505 702 1646 741 sactum
1680 713 1739 742 est
1768 702 1813 743 Il.
1843 703 1882 749 3,
1915 703 2010 749 222,
2040 717 2106 741 va-

252 774 313 811 rio
346 772 463 811 modo
496 772 685 825 explicate
716 772 759 808 Il.
797 774 860 817 12,
902 772 1001 820 ¹563
1036 774 1099 818 15,
1122 775 1223 822 1703
1252 776 1315 821 19,
1347 775 1453 823 3573
1487 775 1644 828 copiosa
1684 784 1811 811 autem
1854 784 1895 812 et
1924 784 2106 812 exornata

252 842 464 881 similitudo
496 843 544 879 ab
578 842 719 880 eadem
760 848 803 880 re
836 844 956 896 petita
991 853 1049 880 est
1081 844 1127 882 Il.
1163 847 1226 891 12,
1258 847 1356 886 278.
1425 847 1609 899 Denique
1640 846 1876 883 turbinis
1916 855 1956 882 et
1985 858 2106 897 pro-

252 912 420 949 cellae
452 914 577 965 imago
611 913 821 965 tripliciter
851 915 990 950 variata
1021 915 1238 961 invenitur3
1268 915 1501 967 simpliciter
1518 917 1661 968 passim
1689 916 1872 962 occurrit,
1904 925 1945 951 ut
1974 914 2105 957 11.11.

252 981 360 1030 7473
390 985 453 1026 12,
485 980 552 1027 40,
586 983 693 1031 3753
728 983 792 1028 13,
823 982 898 1030 393
928 986 994 1029 20,
1026 983 1103 1031 51;
1133 984 1173 1020 in
1205 985 1496 1037 comparatione
1530 984 1720 1039 explicata
1750 984 1795 1023 ll.
1831 987 1895 1030 11,
1927 986 2028 1033 2973
2054 984 2105 1022 ad

249 1053 515 1092 similitudinis
547 1055 734 1092 ambitum
766 1055 933 1108 expolita
964 1055 1009 1092 ll.
1046 1057 1109 1102 13,
1141 1055 1237 1095 795.

367 1126 526 1163 Restant
559 1125 739 1178 exempla
757 1156 769 1172 ,
798 1127 838 1164 in
879 1128 1020 1180 quibus
1051 1126 1374 1180 simplicissimam
1417 1129 1748 1180 comparationem
1776 1128 1902 1165 statim
1931 1128 2107 1180 sequitur

257 1194 432 1233 eiusdem
465 1197 664 1248 copiosior
712 1198 916 1248 expositio.
991 1196 1106 1244 Quod
1154 1198 1224 1235 etsi
1267 1199 1436 1237 Homero
1480 1198 1598 1250 magis
1642 1212 1761 1251 quam
1804 1197 2105 1250 comparationi-

248 1265 324 1303 bus
356 1265 598 1319 simplicibus
627 1268 832 1320 proprium
864 1283 948 1306 esse
980 1277 1169 1321 apparet,
1200 1280 1325 1308 tamen
1358 1269 1543 1324 quoniam
1573 1268 1624 1306 ad
1652 1270 1842 1307 rationem
1874 1283 1975 1322 quae
2005 1269 2108 1307 inter

249 1338 563 1388 comparationes
595 1339 767 1375 minores
799 1349 838 1375 et
866 1340 1033 1376 maiores
1064 1340 1280 1378 intercedit
1309 1341 1497 1392 pertinet,
1528 1340 1603 1377 hoe
1620 1340 1709 1377 loco
1726 1354 1805 1377 non
1826 1339 2107 1391 negligendum

249 1421 334 1445 esse
360 1409 503 1467 putavi.
580 1409 670 1447 Non
705 1409 819 1447 valde
851 1411 1045 1448 mirabere
1079 1410 1129 1447 de
1162 1414 1341 1458 ratione,
1374 1425 1451 1464 qua
1482 1411 1559 1449 hoc
1589 1410 1639 1448 Il.
1670 1412 1710 1456 3,
1746 1409 1826 1450 196
1855 1410 1998 1448 sactum
2032 1419 2108 1457 θεῖς

249 1482 318 1532 (cf.
350 1499 438 1537 pag.
468 1484 536 1533 19)
568 1486 636 1523 ubi
666 1486 839 1524 Priamus
853 1487 1034 1540 Ulyssem
1065 1488 1235 1540 primum
1267 1497 1353 1522 cum
1369 1483 1488 1520 ariete
1519 1491 1730 1535 comparat,
1760 1492 1842 1521 tum
1872 1492 2001 1520 autem
2031 1490 2108 1519 sta-

250 1554 320 1590 tim
352 1554 453 1592 hanc
485 1555 702 1608 simplicem
736 1558 1064 1610 comparationem
1096 1557 1168 1593 alia
1190 1554 1385 1591 ornatiore
1419 1554 1709 1606 comparatione
1741 1553 1789 1589 ab
1815 1552 1957 1589 eodem
1987 1552 2106 1588 ariete

248 1623 346 1659 licet
376 1634 519 1660 mutato
551 1628 709 1661 nomine
741 1627 864 1677 petita
895 1626 1076 1677 explicat.
1137 1628 1331 1677 Pei-quam
1361 1624 1477 1660 simili
1510 1625 1628 1661 modo
1660 1624 1692 1660 Il
1724 1627 1791 1665 11,
1819 1623 1902 1662 546
1933 1625 2028 1659 Aiax
2058 1624 2106 1659 ab

247 1696 335 1747 ipso
351 1696 440 1732 Iove
474 1695 690 1733 timefactus
710 1696 802 1732 dum
830 1707 938 1733 scuto
957 1696 1112 1733 deiecto
1129 1695 1296 1739 recedit,
1325 1695 1429 1731 serae
1450 1690 1584 1746 (Snp't')
1614 1694 1747 1731 similis
1779 1695 2106 1744 circumspectans

250 1774 291 1801 et
309 1765 478 1803 subinde
496 1781 536 1803 se
555 1777 789 1804 convertens
806 1766 989 1819 lenteque
1011 1781 1135 1819 genua
1154 1765 1350 1803 alternans
1373 1763 1631 1811 describitur-3
1648 1778 1763 1816 quam
1781 1762 2108 1815 simplicissimam

249 1835 582 1889 comparationem
614 1837 738 1873 statim
757 1837 1010 1889 subsequitur
1034 1835 1348 1889 splendidissima
1376 1834 1587 1872 similitudo
1619 1849 1693 1888 per
1723 1846 1810 1874 octo
1825 1848 1957 1872 versus
1989 1833 2106 1871 ducta

250 1915 291 1942 et
311 1920 331 1941 a
350 1906 464 1943 leone
495 1907 643 1944 stabula
671 1921 691 1943 a
723 1908 864 1959 quibus
882 1907 1103 1959 prohibitus
1118 1907 1241 1943 suerat
1270 1905 1426 1943 tandem
1456 1905 1695 1957 relinquenti
1711 1908 1845 1958 petita.
1876 1906 2105 1942 Praecesse-

247 1986 308 2012 rat
323 1975 486 2029 quido‘m
505 1977 602 2014 banc
619 1976 745 2014 leonis
760 1977 965 2029 imaginem
984 1979 1223 2029 comparatio
1240 1991 1326 2013 cum
1344 1977 1423 2013 sera
1439 1976 1636 2030 qualibet3
1654 1975 1726 2013 sed
1744 1991 1862 2030 quum
1883 1977 1955 2013 sub
1972 1991 2008 2013 v.
2022 1975 2105 2028 Ξὲήρ

249 2047 453 2100 plerisque
471 2048 567 2085 locis
583 2048 658 2093 leo,
681 2049 922 2101 paucissimis
942 2059 1071 2085 autem
1095 2048 1179 2100 lupi
1204 2048 1379 2100 aliaeque
1408 2048 1514 2084 ferae
1533 2048 1690 2099 cogitari
1706 2046 1893 2084 debeant:
1921 2046 2016 2083 nibil
2031 2046 2104 2083 du-

249 2121 344 2164 bito,
358 2121 452 2171 quin
466 2121 539 2157 hoc
556 2120 645 2157 loco
669 2134 746 2172 quo
764 2121 885 2172 ipsius
899 2120 1026 2157 leonis
1048 2120 1272 2172 descriptio
1287 2120 1412 2157 statim
1427 2120 1614 2171 sequitur,
1627 2118 1732 2155 nulla
1750 2117 1820 2155 alia
1837 2118 1918 2156 fera
1936 2119 1985 2155 sit
1999 2118 2104 2169 cogi-

248 2190 375 2229 tanda.
402 2191 541 2244 Neque
575 2189 708 2243 dispar
743 2192 840 2229 ratio
874 2201 933 2229 est
965 2190 1264 2243 comparationis
1295 2188 1495 2244 simplicis,
1525 2205 1624 2243 quae
1651 2188 1700 2227 Il.
1722 2189 1761 2235 3,
1778 2190 1805 2229 2
1825 2183 2006 2241 (ὄρνιθες
2033 2182 2100 2236 οἷς)

250 2275 310 2302 est
340 2278 538 2318 quamque
571 2264 696 2301 statim
743 2263 923 2316 seqnitur
963 2260 1176 2300 similitudo
1217 2276 1237 2297 a
1282 2260 1452 2313 gruibus,
1491 2261 1518 2297 i.
1563 2274 1585 2297 e
1622 2274 1643 2296 a
1684 2269 1794 2297 certo
1824 2261 1948 2296 avium
1981 2259 2103 2296 maio-

249 2351 335 2373 rum
365 2330 584 2388 (ὀρνίθων)
621 2349 768 2387 genere
801 2334 1016 2387 depromta.
1079 2335 1279 2370 Postremo
1317 2332 1365 2369 ab
1396 2332 1471 2370 hoc
1520 2331 1607 2369 loco
1648 2344 1726 2369 non
1767 2330 1892 2368 aliena
1917 2330 2101 2368 videntur

248 2407 328 2445 duo
361 2407 565 2460 exempla,
599 2420 765 2459 quorum
799 2419 877 2443 uno
908 2404 1016 2458 quod
1048 2405 1099 2442 ob
1131 2403 1243 2441 aliam
1276 2415 1429 2438 causam
1464 2414 1581 2454 supra
1612 2414 1654 2454 p.
1674 2400 1731 2440 28
1775 2398 2102 2437 consideravimus

221 2490 222 2493 ’
249 2469 517 2533 metaphoram
549 2492 569 2516 a
595 2477 700 2515 nube
732 2476 887 2514 ductam
918 2475 1045 2514 statim
1073 2473 1327 2528 subsequitur
1347 2470 1557 2510 similitudo
1581 2471 1629 2508 ab
1662 2469 1803 2508 eadem
1832 2470 1999 2524 imagine
2030 2484 2101 2523 pc-

250 2550 330 2589 tita.
389 2550 567 2586 Alterum
599 2547 707 2603 quod
724 2559 783 2586 ent
804 2547 848 2584 ll.
870 2548 934 2609 193
952 2546 1182 2588 374—379
1210 2544 1439 2597 ceteroquin
1465 2543 1556 2580 huic
1586 2542 1712 2579 simile
1735 2552 1790 2578 'eo
1823 2541 1962 2586 differt,
1992 2539 2101 2592 quod

250 2633 363 2657 usum
396 2620 507 2656 etiam
536 2618 764 2658 liberiorem
791 2619 967 2656 eiusdem
995 2618 1166 2656 notionis
1196 2617 1354 2654 diverso
1384 2629 1498 2653 sensu
1526 2624 1734 2668 usurpatae
1764 2614 1951 2652 ostendit.
1982 2614 2101 2650 Poeta
