2360 3051
1054 277 1345 322 —u—

499 391 551 442 ἂς
580 389 619 435 δ’
645 390 784 442 αὖά-υς
811 391 886 435 ma
915 394 1029 436 κεῖνο
1058 388 1175 444 ὶδόν,
1204 394 1418 443 ἐτεθήπεα
1443 393 1574 449 θυμᾷ

498 462 593 513 δήν·
623 464 716 506 ἐπεὶ
743 462 859 506 οὔπω
886 468 1009 506 τοῖον
1037 463 1250 511 ἀνήλυθεν
1278 466 1324 506 ἐκ
1349 460 1456 521 δόρυ
1479 462 1611 519 γαίης·

504 533 556 584 ὥς
585 551 652 588 σε,
680 536 821 591 quem,
848 534 1014 592 ἄγαμαί
1042 550 1091 577 τε
1119 534 1289 583 τέθηπά
1318 548 1367 576 τε
1391 535 1486 575 κτλ.

268 609 522 667 Amplissima
556 623 649 650 sane
687 611 927 666 comparatio
982 608 1148 665 simplex
1182 610 1313 664 neque
1351 607 1465 648 aliam
1504 607 1629 649 forma
1668 620 1732 648 aut
1773 608 1920 648 ambita·
1955 608 2122 648 similem

267 683 460 737 reperias.
520 680 605 722 sed
638 680 800 721 sublatis
837 695 938 736 quae
972 680 1049 721 alio
1087 679 1249 720 consilio
1278 679 1327 719 de
1358 694 1424 718 sua
1449 680 1768 733 peregrinatione
1797 678 1959 734 Ulysses
1997 680 2127 720 immi-

270 755 384 800 scuit,
413 755 492 806 ipsi
523 753 805 806 comparationi
843 765 925 789 non
954 753 1079 791 maior
1108 753 1272 791 ambitus
1300 751 1551 805 relinquitur,
1590 750 1706 805 quam
1737 751 1893 805 qualem
1921 752 1964 790 in
1993 751 2126 792 multis

270 823 357 863 aliis
394 822 750 878 comparationibus
796 820 1039 876 'simplicibus
1078 822 1256 862 vidimus.
1324 824 1437 862 Licet
1473 823 1575 861 enim
1619 824 1857 876 comparatio
1887 821 2037 864 v.-162
2065 823 2128 860 in-

270 898 383 946 cepta
411 892 571 930 demum
600 906 635 930 v.
670 891 749 931 ¹67
782 890 1027 937 absolvatur,
1057 902 1186 930 tamen
1226 892 1349 946 siquis
1380 909 1464 933 eam
1493 893 1543 933 ad
1569 893 1719 933 solitam
1748 893 1912 933 formam
1938 892 2124 947 redigere

268 962 383 1009 velit,
419 963 545 1001 tribus
581 963 759 1001 versibus
804 962 919 1000 facile
960 962 1173 1015 complecti
1214 966 1384 1017 poterit,
1442 975 1480 1003 et
1524 965 1855 1019 comparationem
1893 963 2127 1020 explicatam

267 1032 375 1071 illam
407 1031 570 1087 quidem
609 1032 731 1071 altero
767 1033 974 1071 enunciato
1006 1032 1169 1071 relativo
1210 1034 1274 1071 vel
1315 1037 1477 1083 causali,
1509 1036 1581 1076 sed
1619 1038 1681 1075 vix
1722 1047 1912 1076 extremas
1948 1036 2124 1091 imaginis

259 1114 400 1148 ,certae
438 1103 561 1145 lineas
607 1104 858 1143 exhibentem
900 1104 1089 1143 conficiet.
1148 1105 1205 1142 Ita
1242 1117 1366 1145 autem
1408 1122 1507 1161 quae
1549 1107 1599 1145 ad
1637 1108 1971 1161 comparationem
2001 1108 2127 1160 perti-

267 1186 368 1215 nent
398 1190 486 1215 cum
527 1175 677 1214 itineris
717 1176 940 1214 narratione
960 1176 1182 1214 ⁴coniuncta
1222 1188 1333 1224 sunt,
1377 1189 1418 1216 ut
1452 1180 1549 1218 hacc
1589 1179 1828 1232 comparatio
1868 1179 2013 1217 maiore
2038 1179 2125 1216 iure

272 1247 514 1301 comparatio
544 1248 661 1285 mixta
692 1246 887 1300 appellari
916 1247 1051 1300 possit,
1082 1261 1199 1300 quam
1230 1248 1327 1287 aliae
1366 1264 1465 1303 quae
1496 1265 1516 1287 a
1551 1248 1754 1303 plerisque
1772 1251 1914 1288 mixtae
1930 1249 2126 1288 nominari

271 1317 411 1362 solent,
440 1331 535 1370 quas
565 1318 702 1369 partic.
734 1317 782 1355 II.
815 1331 854 1369 p.
884 1317 959 1355 XV
989 1316 1194 1369 allegorias
1225 1318 1415 1357 dicendas
1447 1333 1530 1358 esse
1558 1318 1738 1360 diximus,

1012 1574 1277 1621 caput
1324 1572 1397 1611 11.

470 1675 534 1717 De
557 1674 707 1718 natura
737 1681 781 1717 et
808 1689 887 1718 usu
917 1675 1175 1731 simplicium
1207 1677 1576 1731 comparationum
1606 1676 1942 1718 Homericarum.

386 1880 485 1920 Sunt
513 1882 691 1934 exposita
723 1881 800 1918 iam
825 1880 909 1919 sere
943 1896 988 1919 ea
1024 1895 1123 1933 quae
1154 1881 1204 1919 ad
1240 1884 1405 1921 sormam
1433 1884 1766 1934 comparationum
1798 1883 1960 1935 eiusque
1991 1882 2124 1921 diver-

269 1954 423 1993 sitatem
454 1954 496 1990 in
527 1952 641 1991 variis
683 1952 897 2005 generibus
943 1951 1211 2006 classibusque
1251 1951 1563 2007 cognoscendam
1603 1960 1791 2006 spectant.
1853 1952 1968 2000 Quod
1996 1954 2027 1990 si
2059 1967 2126 1991 co-

268 2025 417 2079 piosius
448 2039 469 2062 a
496 2037 561 2063 me
591 2023 734 2061 factum
765 2032 835 2068 est,
867 2037 983 2077 quam
1010 2021 1273 2061 necessarium
1293 2020 1408 2060 alicui
1425 2022 1611 2069 videatur,
1641 2022 1872 2076 praesertim
1890 2023 1932 2060 in
1952 2038 1994 2062 ea
2017 2020 2128 2076 par'te

270 2095 556 2149 disputationis,
588 2108 687 2149 quae
718 2093 769 2132 ad
808 2093 1095 2148 dignoscendas
1137 2091 1373 2146 simplicium
1410 2092 1547 2132 classes
1573 2094 1818 2147 pertinebatt'
1848 2103 2128 2147 praeterquam

271 2164 383 2219 quod
409 2165 449 2202 in
479 2179 525 2202 re
547 2164 725 2216 neglecta
754 2163 884 2201 adhuc
918 2174 957 2201 et
986 2179 1007 2201 a
1037 2163 1147 2201 nullo
1180 2172 1321 2201 tentata
1351 2164 1542 2210 versabar,
1573 2164 1688 2202 simul
1717 2164 1793 2202 hoc
1826 2165 1952 2216 egisse
1978 2177 2043 2200 me
2072 2163 2130 2200 fa-

271 2245 372 2281 teor,
405 2245 448 2274 ut
478 2234 790 2288 comparationes
821 2234 1018 2289 simplices
1066 2235 1117 2272 ab
1144 2234 1212 2273 illa
1243 2244 1355 2288 parte
1385 2236 1436 2273 ita
1471 2233 1691 2289 exploratas
1723 2234 1922 2280 haberem,
1956 2243 1999 2272 ut
2029 2248 2130 2287 quae

267 2317 476 2361 praeterea
505 2306 556 2344 de
587 2320 720 2345 earum
744 2317 879 2344 natura
912 2318 951 2345 et
976 2321 1046 2345 usu
1078 2306 1247 2345 dicenda
1272 2317 1371 2352 sunt,
1403 2321 1507 2345 nunc
1536 2317 1579 2345 ut
1607 2305 1923 2360 supplementum
1937 2304 2002 2346 vel
2023 2318 2132 2344 man-

270 2380 401 2417 tissam
442 2379 552 2433 quasi
578 2378 781 2417 addiicere
812 2384 1005 2432 possem.'
1039 2380 1155 2418 Initio
1206 2379 1369 2434 quidem
1409 2380 1504 2417 mihi
1548 2379 1795 2433 propositum
1844 2377 1973 2419 fuerat
2010 2376 2130 2414 altera

270 2451 503 2505 quaestione
535 2448 588 2488 de
620 2450 830 2504 generibus
855 2452 1194 2504 comparationum
1223 2451 1330 2490 finita
1360 2451 1577 2503 inquirere,
1608 2461 1647 2489 et
1675 2466 1695 2488 a
1725 2449 1869 2502 quibus
1898 2448 2016 2486 rebus
2047 2448 2130 2485 Ho-

270 2535 399 2558 merus
440 2520 750 2574 eomparationes
791 2534 877 2559 suas
915 2521 1092 2575 petierit,
1129 2531 1168 2560 et
1208 2521 1258 2560 ad
1300 2534 1395 2576 quas
1433 2535 1498 2559 res
1536 2519 1786 2561 illustrandas
1823 2518 2131 2574 comparationes

275 2592 521 2641 adhibuerit3
548 2592 618 2632 sed
650 2607 772 2646 quum
803 2594 868 2632 hic
898 2592 1007 2632 locus
1038 2593 1152 2633 latius
1184 2603 1329 2647 pateat,
1367 2606 1483 2646 quam
1513 2594 1581 2647 qui
1609 2593 1743 2649 paucis
1763 2591 1842 2630 illis
1869 2592 1962 2631 huic
1993 2587 2133 2627 libello
