2360 3051
280 411 339 438 a}
356 397 431 437 hie
457 397 545 452 ipsa
561 398 861 452 *comparatione
890 397 969 437 hoc
993 397 1148 443 discere
1177 409 1395 453 possemus.
1423 397 1792 453 CfiNaegelsbachii
1807 398 1981 453 theolog.
2008 398 2126 439 Rom.

275 484 320 522 p·
360 467 453 510 174.
520 471 646 516 Quam
664 459 666 462 ¹
683 469 812 522 igitur*
840 469 1101 521 augustiorem
1140 478 1179 506 et
1215 468 1496 522 speciosiorem
1542 467 1653 507 ducis
1691 469 1900 524 imaginem
1937 468 2127 522 effingere

275 540 432 593 potuit„
459 553 578 592 quam
614 538 724 592 quod
751 538 987 578 'divinorum
1028 554 1239 593 corporum
1287 539 1615 592 praeclarissimas
1666 534 1849 592 quasque*
1881 550 2012 593 partes
2053 552 2126 580 sno

275 608 369 648 duci
393 607 491 648 dare
515 608 665 648 voluit?
706 610 837 664 Atque
862 624 941 664 qno
963 611 1051 649 iure
1074 621 1190 665 poeta
1219 610 1365 648 Dianae
1387 619 1543 655 statura,
1569 609 1762 663 Gorgonis
1797 610 1940 656 oculis,
1971 611 2125 649 Gratia-

249 694 362 718 —rum
387 681 508 719 comis
546 679 597 718 ad
625 680 793 733 singulas
833 682 1141 735 comparationes
1172 682 1262 720 usus
1289 693 1357 726 est,
1388 681 1531 720 eodem
1563 681 1600 718 ei
1628 680 1739 718 licuit
1766 679 1816 717 ad
1842 680 2123 719 celebrandum

218 756 224 760 “
274 751 458 789 eximium
491 750 631 790 ducem
670 761 751 790 tres
784 752 899 791 simul
942 751 1038 792 deos
1073 754 1114 791 in
1151 767 1260 791 suam
1301 767 1384 790 rem
1428 752 1628 798 conferre,
1670 750 1712 788 id
1745 750 1854 804 quod
1883 752 2012 804 ipsum
2039 751 2122 790 aliis

272 821 461 860 similibus
490 821 587 862 locis
616 822 752 861 secisse
781 836 872 861 mox
897 822 1187 863 demonstrabo.
1248 823 1363 872 Quod
1392 837 1486 862 vero
1513 823 1755 877 Porphyrius
1778 823 1878 861 hanc
1922 836 2124 876 compara-

273 894 418 932 tionem
448 895 696 947 vituperavit,
717 895 841 948 quiaa
872 894 932 933 dis
959 895 1157 933 exorsa'in
1188 905 1297 933 tauro
1328 894 1551 942 desineret3
1577 893 1653 932 hoc
1679 893 1826 932 nemini
1842 894 1981 931 mirum
2012 893 2123 932 vide-

270 963 388 1010 bitur,
419 965 487 1017 qui
509 965 728 1003 Homerum
745 979 826 1003 nou
855 980 990 1002 rerum
1009 964 1235 1017 dignitatem
1266 964 1337 1003 sed
1367 964 1629 1003 similitudinis
1660 966 1859 1002 veritatem
1888 965 1929 1001 in
1961 978 2123 1017 compa-

269 1033 395 1073 rando
426 1043 628 1073 curantem
655 1029 738 1073 aliis
774 1034 872 1074 locis
908 1050 973 1075 res
1009 1036 1122 1074 etiam
1159 1035 1430 1075 dissimiliores
1470 1036 1519 1074 ad
1556 1036 1862 1084 comparationes
1893 1035 2119 1073 adhibuisse

273 1105 471 1157 cognitum
496 1104 627 1141 habet.
688 1106 828 1159 Neque
856 1105 1018 1143 multum
1049 1105 1182 1144 differt
1213 1106 1450 1160 comparatio
1475 1104 1624 1158 duplex
1654 1120 1755 1158 quae
1789 1116 1847 1144 est
1876 1106 1917 1143 Il.
1949 1106 1988 1151 9,
2021 1106 2119 1152 389,

268 1173 335 1222 (cf.
364 1189 403 1227 p.
438 1173 521 1223 14,)
554 1189 790 1228 quamquam
820 1176 885 1214 hic
915 1191 996 1215 uon
1025 1186 1102 1214 tam
1132 1185 1268 1229 partes
1300 1187 1509 1226 corporum
1547 1171 1789 1216 divinorum,
1822 1187 1937 1225 quam
1959 1173 2119 1210 virtutes

269 1244 416 1282 deabus
447 1246 634 1297 propriae
666 1246 929 1287 conferuntur.
989 1248 1035 1285 Iu
1065 1247 1241 1300 partibus
1274 1244 1497 1283 animalium
1528 1242 1802 1296 comparandis
1821 1253 1993 1281 versatur
2012 1257 2119 1281 com-

265 1316 415 1366 paratio
447 1330 546 1368 quae
577 1325 636 1353 est
674 1315 720 1353 ll.
754 1320 788 1362 1,
816 1318 913 1363 225,
951 1317 998 1357 cf.
1038 1332 1078 1371 p.
1105 1318 1187 1366 15.;
1228 1316 1278 1354 ad
1311 1325 1462 1369 partem
1494 1314 1671 1367 corporis
1713 1313 1828 1351 simul
1861 1325 1899 1352 et
1924 1313 1974 1352 ad
2004 1314 2122 1352 animi

265 1386 552 1440 proprietatem
579 1388 755 1441 pertinet
783 1388 828 1429 Il.
859 1391 926 1435 20,
955 1390 1036 1430 371
1073 1405 1172 1443 quae
1204 1388 1440 1441 comparatio
1471 1403 1505 1426 v.
1535 1386 1620 1426 372
1646 1386 1814 1438 repetita
1846 1396 1915 1423 cst.

379 1457 496 1496 Plura
525 1459 639 1497 nobis
669 1459 844 1512 exempla
872 1459 1087 1499 offeruntur
1118 1460 1450 1513 comparationum
1480 1455 1713 1509 simplicium
1742 1457 1782 1492 in
1809 1471 1885 1494 uno
1911 1455 2002 1494 loco
2028 1470 2118 1494 coa-

264 1538 521 1576 cervatarum,
551 1543 716 1583 quarum
746 1533 1000 1584 unaquaeque
1025 1544 1102 1584 per
1133 1544 1175 1569 se
1206 1529 1384 1569 constans
1399 1527 1514 1567 aliam
1542 1527 1604 1565 rei
1621 1526 1907 1580 comparandae
1932 1527 2120 1580 proprie·

264 1610 383 1638 tatem
420 1599 622 1638 illuminat.
682 1600 915 1639 Huiusmodi
956 1612 1046 1639 sunt
1089 1601 1398 1653 comparationes
1440 1599 1556 1645 duae,
1586 1612 1687 1652 quae
1718 1597 1762 1635 Il.
1801 1600 1850 1644 2,
1891 1597 1976 1638 764
2014 1599 2117 1636 iuxta

263 1657 414 1724 positae
444 1669 730 1725 leguntur,·ubi
750 1672 842 1724 equi
874 1670 1092 1718 laudantur,
1123 1686 1221 1725 quos
1252 1668 1435 1708 Eumelus
1465 1670 1632 1721 agitabat

1191 1736 1403 1784 ποδώκεας
1431 1731 1606 1793 ὄρνιθας
1634 1732 1698 1788 ὥς,

651 1804 851 1864 ὄτριχας,
887 1809 1070 1860 οἰέτεας,
1111 1809 1320 1864 σταφύλζι
1353 1806 1423 1847 ἐπὶ
1460 1811 1591 1848 νῶτον
1622 1804 1754 1853 ἐΐσας.

264 1880 414 1920 Similia
430 1880 553 1919 habes
572 1880 619 1918 ll.
654 1883 718 1927 10,
751 1881 858 1930 437;
890 1883 957 1928 21,
988 1883 1095 1931 2515
1123 1881 1201 1922 Od.
1230 1883 1269 1927 9,
1300 1881 1397 1927 289,
1428 1880 1531 1928 2923
1566 1881 1632 1925 19,
1664 1882 1758 1920 233.
1820 1883 1959 1934 Neque
1975 1882 2021 1918 ab
2038 1883 2114 1920 hoc

263 1950 353 1990 loco
370 1950 518 1990 alienae
542 1959 632 1989 sunt
661 1948 762 1989 duae
802 1949 893 1989 illae
931 1952 1161 1991 coniunctae
1183 1952 1514 2006 comparationes,
1545 1952 1685 2005 quibus
1716 1952 1758 1989 11.
1798 1952 1862 1998 18,
1894 1952 1949 1992 56
1980 1954 2121 1992 Thetis

263 2037 352 2061 cum
381 2021 619 2060 Nereidibus
649 2033 689 2060 et
718 2037 750 2061 v.
782 2020 866 2062 437
899 2037 988 2061 cum
1016 2023 1194 2062 Vulcano
1225 2035 1370 2063 sortem
1400 2023 1469 2061 filii
1499 2024 1550 2061 ita
1581 2024 1858 2077 conqueritur:

1189 2089 1215 2132 ὅ
1244 2089 1522 2147 δ’ἆνέδραμεν
1551 2090 1659 2148 ἔρνεϊ
1689 2089 1794 2138 ἶσος.

674 2160 755 2202 τὸν
783 2163 861 2215 μὲν
889 2162 965 2216 ἐγὼ
994 2162 1217 2219 θρέψασα,
1245 2164 1388 2219 φυτὸν
1415 2166 1466 2217 ᾤς
1491 2166 1621 2217 γουνῷ
1649 2163 1791 2209 ἀλωῆς.

266 2236 424 2273 Etenim
455 2236 487 2272 si
517 2234 590 2272 sub
620 2249 653 2273 v.
683 2229 799 2287 ἔρνος
829 2249 917 2273 cum
958 2236 1142 2274 Passovio
1182 2236 1394 2289 praecipue
1426 2235 1613 2275 olivarum
1642 2246 1681 2274 et
1706 2235 1919 2290 palmarum
1949 2248 2112 2288 germen

267 2304 489 2344 iuveniliter
514 2320 701 2344 enascens
745 2289 995 2360 intelligitur,
1035 2305 1086 2344 ad
1112 2321 1251 2345 novam
1290 2307 1626 2360 comparationem
1657 2306 1836 2344 transitur
1864 2320 1900 2343 v.
1932 2306 1999 2350 57,
2031 2319 2109 2359 qua

265 2375 374 2416 idem
404 2375 505 2416 filius
533 2388 621 2416 curu
651 2375 783 2430 planu
814 2376 1022 2417 cuiuslibet
1050 2378 1206 2432 generis
1235 2378 1462 2431 praesertim
1495 2379 1535 2416 in
1562 2378 1682 2417 hortis
1702 2376 1868 2416 colenda
1898 2376 2115 2420 confertur,

271 2449 406 2487 Restat
435 2462 554 2487 unum
586 2447 1004 2502 exemplumduarum
1028 2448 1260 2503 simplicium
1300 2450 1634 2502 comparationum
1676 2448 1984 2502 explicatior-um,
2014 2461 2119 2501 quae

271 2519 319 2558 ll.
348 2521 389 2567 2,
422 2518 590 2561 144-5)
619 2518 815 2573 leguntur.
876 2519 922 2557 In
950 2519 1027 2559 hoc
1066 2519 1154 2559 loco
1182 2518 1417 2573 explicando
1456 2520 1616 2574 plurimi
1646 2521 1896 2574 interpretes,
1927 2520 1997 2573 qui
2027 2519 2120 2573 qui-

272 2589 365 2630 dem
393 2589 482 2628 talia
510 2601 660 2637 curant,
689 2603 929 2644 magnopere
960 2590 1159 2639 laborant,
1200 2599 1240 2629 et
1271 2591 1357 2630 iure
1397 2592 1572 2647 Heynius
1612 2605 1701 2631 eum
1729 2588 2012 2646 interpolatum
2046 2589 2116 2630 lia·
