2360 3051
1038 300 1095 310 -
1157 279 1211 321 1⁴
1269 302 1326 309 —
1607 259 1627 275 ⁰

251 393 300 431 Il.
332 396 397 439 1¹,
428 393 482 432 65
1093 391 1290 451 (Ἕκτωρ)
1320 392 1404 440 ἐτᾶς
1432 388 1555 447 δ’ἄρα
1583 390 1731 447 χαλκῷ

683 461 829 520 λάμφ’
857 459 956 511 diets
985 466 1173 521 στεροπὴ
1201 464 1366 521 πατρὸς
1394 462 1498 511 Διὸς
1525 462 1751 518 αἰγιόχοιο.

366 535 518 575 Novum
557 550 682 590 genus
725 536 1004 591 explicaturum
1046 539 1378 591 comparationum
1413 536 1648 589 simplicium
1689 535 1913 589 proximum
1957 535 2006 573 ab
2041 536 2101 583 iis,

250 604 350 660 quae
379 605 571 646 hactenus
604 607 788 661 epithetis
828 619 893 647 aut
922 620 1122 647 exornatas
1152 620 1215 647 aut
1242 608 1457 647 accuratius
1485 606 1661 645 definitas
1692 605 1880 654 vidimus,
1913 606 2099 653 exoritur,

250 677 367 716 simul
398 692 444 717 ac
472 688 632 732 praeter
660 692 805 718 nomen
834 680 892 717 rei
933 690 997 718 aut
1026 694 1115 733 pars
1161 678 1290 732 aliqua
1331 676 1381 716 ad
1425 691 1541 731 quam
1579 676 1823 730 potissimum
1863 677 2100 730 comparatio

249 749 457 795 referatur,
490 760 555 786 aut
581 760 730 787 certum
762 750 986 787 attributum
1018 749 1126 802 quod
1155 763 1222 787 res
1250 759 1494 801 comparatae
1520 747 1645 785 simile
1671 748 1818 786 habent
1841 762 1933 787 casu
1961 757 2099 800 quarto

249 819 421 859 additur.
484 820 590 858 Talis
621 832 752 859 autem
783 822 976 874 appositio
1003 821 1079 858 hoc
1105 820 1363 873 praecipuum
1393 820 1511 857 habet
1536 834 1633 872 prae
1664 819 1899 857 ornamentis
1932 830 1972 857 et
1987 818 2100 856 addi-

248 891 425 928 tamentis
468 905 569 944 quae
599 906 717 945 supra
750 891 1100 937 consideravimus,
1132 902 1174 929 ut
1211 892 1486 930 obscuritatem
1522 889 1629 928 illam
1670 889 1818 937 tollant,
1856 904 1932 943 qua
1965 888 2100 943 plures

247 961 443 1001 eiusmodi
459 962 771 1015 comparationes
786 962 984 1016 simplices
1002 962 1182 1001 laborare
1214 963 1394 1002 diximus.
1454 962 1589 1001 Rarius
1619 971 1748 1000 autem
1778 976 1894 1015 quam
1922 971 2099 1014 optamus

244 1042 387 1086 poetae
430 1031 580 1085 placuit
627 1032 701 1071 hac
741 1032 830 1071 luce
887 1033 1001 1071 uobis
1050 1034 1230 1087 profecto
1281 1050 1397 1088 quam
1453 1035 1534 1072 eius
1592 1033 1818 1087 aequalibus
1865 1032 2098 1071 iucundiore

245 1104 560 1156 comparationes
592 1118 677 1141 suas
708 1103 917 1143 illustrare.
978 1104 1212 1158 Saepissime
1242 1119 1334 1143 vero
1374 1106 1414 1141 in
1454 1104 1806 1156 comparationibus
1847 1104 1989 1157 quibus
2029 1104 2100 1141 ho-

244 1174 370 1212 mines
403 1188 490 1212 cum
523 1173 583 1211 dis
623 1175 663 1211 in
691 1175 913 1213 universum
944 1186 1008 1213 aut
1037 1190 1124 1213 cum
1152 1176 1310 1229 singulis
1350 1176 1574 1213 numinibus
1605 1175 1881 1225 conferuntur,
1921 1173 2098 1212 additum

244 1245 479 1291 invenimus,
507 1243 557 1282 ad
588 1259 703 1299 quam
723 1256 874 1298 partem
891 1257 956 1284 aut
976 1261 1090 1300 quam
1111 1246 1302 1284 rationem
1325 1245 1536 1285 similitudo
1563 1247 1613 1284 sit
1624 1244 1846 1284 referenda.
1875 1245 1958 1293 Qua
1984 1245 2024 1283 in
2053 1259 2097 1283 re

245 1327 326 1351 non
357 1313 560 1366 indignum
593 1314 701 1367 quod
733 1316 961 1353 observetur
990 1315 1176 1360 videatur,
1207 1317 1398 1356 eiusmodi
1429 1316 1605 1371 exempla
1632 1317 1752 1357 multo
1772 1316 1885 1371 plura
1902 1317 1944 1355 in
1964 1315 2097 1371 Odys-

242 1400 305 1422 sea
338 1400 453 1435 quam
485 1386 524 1421 in
557 1386 680 1422 Iliade
712 1387 888 1423 inveniri.
950 1389 1015 1425 Sic
1046 1388 1168 1424 additi
1208 1391 1432 1426 substantivi
1469 1385 1600 1438 δέμας
1630 1389 1700 1424 tria
1732 1387 1909 1441 exempla
1942 1388 2096 1424 suntin

242 1453 419 1507 Odyssea
450 1454 506 1504 (3,
538 1453 643 1503 4683
673 1457 713 1502 8,
745 1456 818 1505 243
849 1461 915 1503 23,
950 1458 1069 1506 163);
1097 1474 1215 1495 unum
1246 1460 1286 1495 in
1317 1458 1439 1495 Iliade
1482 1459 1538 1506 (8,
1577 1458 1701 1506 305);
1745 1470 1825 1495 tum
1863 1453 1973 1500 εἶδος
2005 1459 2098 1494 sim-

241 1524 399 1579 pliciter
429 1524 604 1564 additum
638 1537 697 1565 est
725 1526 802 1565 Od.
834 1528 873 1572 8,
908 1526 1008 1576 1743
1039 1530 1288 1568 coniunctum
1319 1543 1407 1568 cum
1438 1544 1473 1566 v.
1506 1528 1593 1580 φυή
1625 1527 1700 1565 Od.
1734 1527 1847 1573 6,16
1874 1538 1913 1565 et
1931 1529 1969 1574 7,
1989 1527 2095 1575 2093

242 1606 321 1634 tres
359 1595 472 1633 simul
510 1597 746 1636 accusativos
778 1591 890 1643 εἶδός
918 1610 965 1636 τε
997 1597 1172 1651 μεγεθός
1200 1610 1247 1637 τε
1279 1599 1391 1653 φυήν
1419 1610 1467 1636 τε
1497 1598 1618 1636 habes
1649 1596 1725 1635 Od.
1757 1597 1796 1644 6,
1830 1597 1924 1637 151.
1984 1597 2095 1636 Unus

241 1681 375 1704 rursus
407 1669 643 1705 accusativus
674 1668 830 1706 additus
859 1680 917 1706 est
945 1669 1023 1705 Od.
1062 1673 1095 1713 1,
1134 1670 1229 1714 371,
1260 1671 1328 1707 ubi
1358 1670 1541 1706 Phemius
1572 1667 1821 1720 praedicatur
1849 1666 1966 1710 θεοῖς
1995 1667 2091 1703 ἐνα-

240 1733 392 1789 λίγκιος
421 1731 569 1783 αὐδήν.
631 1740 903 1779 Accusativum
932 1741 1060 1790 μῆτιν
1090 1738 1265 1778 additum
1296 1742 1336 1777 in
1372 1740 1660 1791 comparatione
1700 1753 1787 1776 cum
1829 1738 1919 1775 Iove
1958 1747 2095 1790 quater

239 1809 399 1848 exhibet
429 1808 517 1848 Ilias
546 1809 601 1860 (2,
629 1810 720 1856 169,
747 1809 851 1859 4073
883 1811 1006 1859 7‚47;
1027 1812 1091 1856 10,
1112 1809 1224 1859 137),
1242 1811 1348 1850 cuius
1378 1809 1466 1848 loco
1479 1808 1658 1862 Odyssea
1675 1807 1815 1848 eodem
1836 1823 1954 1847 sensu
1975 1807 2095 1846 habet

237 1877 397 1932 θεόφιν
427 1880 602 1933 μήστωρ
633 1878 881 1924 ἀτάλαντος
912 1881 967 1930 (3,
1001 1882 1095 1926 110,
1126 1877 1226 1932 409)
1258 1880 1305 1917 cs.
1333 1880 1409 1917 Od.
1446 1882 1508 1920 13.
1540 1880 1608 1926 89,
1640 1879 1748 1933 quod
1778 1879 1885 1917 idem
1910 1880 1950 1917 in
1966 1879 2091 1918 Iliade

239 1961 296 1989 est
324 1954 361 1996 7,
394 1952 503 1999 3663
538 1955 602 1997 17,
634 1952 728 1991 477.
790 1953 876 1989 Huc
906 1953 1079 2003 pertinet
1108 1953 1222 1988 etiam
1255 1952 1490 2002 comparatio
1522 1950 1644 1987 forma
1670 1950 1823 1987 insolita
1839 1949 1974 1987 induta
1993 1964 2093 2002 quae

240 2031 300 2060 est
329 2020 374 2059 ll.
408 2023 448 2068 9,
480 2022 577 2068 388,
610 2022 678 2059 ubi
716 2021 890 2060 Achilles
934 2022 1239 2074 Agamemnonis
1277 2021 1393 2058 filiam
1429 2036 1471 2059 se
1515 2035 1678 2059 uxorem
1710 2020 1918 2060 ducturum
1945 2036 2091 2073 negans

240 2090 357 2131 dicit:
382 2082 387 2092 ¹

628 2211 630 2214 .
679 2157 772 2198 οὐδ’
797 2161 833 2198 εἰ
864 2160 1041 2217 χρυσείῃ
1067 2158 1303 2216 Ἀφροδίτῃ
1332 2160 1484 2206 κάλλος
1514 2158 1653 2215 ἐρίζοι,

676 2222 774 2283 ἔργα
804 2228 845 2270 δ’
872 2230 1076 2288 Ἀἓηναίῃ
1107 2227 1367 2283 γλαυκώπιδι
1398 2222 1661 2286 ἰσοφαρίζοι,

676 2297 778 2341 οὐδέ
806 2317 880 2354 μιν
909 2299 959 2348 ὣς
987 2300 1128 2355 γαμέω

239 2373 608 2414 Luculentissimum
637 2388 730 2413 vero
764 2373 986 2428 exemplum
1019 2373 1185 2429 triplicis
1218 2374 1514 2427 comparationis
1544 2374 1594 2413 ad
1625 2386 1748 2414 certas
1780 2389 1991 2428 corporum
2031 2372 2092 2412 di-

239 2446 415 2483 vinorum
448 2456 577 2498 partes
607 2445 751 2482 relatae
778 2445 899 2482 habes
931 2445 975 2482 ll.
1009 2448 1047 2492 2,
1078 2441 1184 2493 4783
1217 2446 1459 2498 Agamemno
1491 2444 1744 2483 describitur:

674 2511 856 2566 ὄμματα
884 2514 956 2555 καὶ
985 2514 1179 2570 κεφαλὴν
1210 2515 1345 2559 ἴκελος
1375 2510 1452 2553 Διῒ
1487 2517 1806 2569 τερπικεραύνῳ,

669 2575 789 2642 Ἀρεῖ
813 2580 861 2628 δὲ
894 2582 1038 2638 ζώνην,
1068 2583 1249 2641 στέρνον
1279 2578 1326 2625 δὲ
1358 2577 1636 2627 Ποσειδάωνι.

1535 2687 1556 2701 f
