2360 3051
1061 316 1352 358 -η-

267 434 418 488 paratio
446 432 537 470 huic
564 428 678 469 classi
704 428 932 469 subiiciatur
961 430 1373 485 proprio'serbowive
1402 428 1635 485 praefflcato
1661 430 1713 483 eit
1739 429 1955 484 ψοίας
1986 432 2029 471 iu
2054 434 2129 474 mi..

266 505 374 544 rifica
403 504 469 542 illa
499 501 735 540 Homericae
764 504 951 542 orationis
981 503 1159 542 ubertate
1186 512 1232 541 et
1257 502 1449 543 varietate
1476 503 1518 540 iu
1546 501 1686 557 pri-*n
1722 500 1802 542 duo
1832 500 1980 543 dhe-ai
2004 503 2128 552 modi,

268 578 408 629 quibus
450 575 616 612 verbum
647 574 726 611 hoc
755 572 1266 626 addiieitur,*diguoscendi
1295 582 1396 611 sunt.-
1424 591 1426 593 ·
1451 573 1535 610 Aut·
1561 573 1669 611 'enin
1695 585 1845 611 nonen
1858 575 1921 612 »οἱ
1949 573 2001 613 ad
2019 579 2128 613 eom-

265 644 487 698 parandum
517 644 729 692 adhibitae,
756 644 866 698 quod
891 644 1125 698 plerumque
1155 644 1373 697 postposita
1403 644 1595 696 particula
1635 645 1688 690 ὡς
1711 646 1775 685 vel
1814 660 1907 685 casu
1934 647 2049 683 tertio
2074 646 2125 684 ab

266 716 458 755 adiectivo
490 715 555 753 vel
582 715 772 754 adverbio
798 714 1060 754 similitudinis
1088 713 1288 768 pendente
1319 716 1537 761 antecessit,
1568 717 1809 756 enuntiatum
1833 731 1856 754 a
1886 716 2124 769 pronomine

265 787 431 825 relativo
461 787 656 840 incipiens
687 785 805 825 modo
834 786 1018 826 breviore
1044 785 1163 825 modo
1195 784 1385 841 ampliore
1411 786 1564 825 ambitu
1588 787 1778 840 sequitur,
1805 796 1872 826 aut
1887 787 2126 840 comparatio

268 874 288 896 a
318 857 507 911 particula
537 856 666 910 aliqua
694 857 970 904 similitudinis,
1000 871 1080 911 quo
1113 858 1227 896 etiam
1268 857 1503 896 adiectivum
1537 857 1743 896 relativum
1777 852 1881 901 ὅσος
1910 869 1949 896 et
1987 856 2126 894 similia

265 929 475 981 pertinent,
509 940 646 965 exorsa
673 926 796 980 pleno
827 938 866 966 et
892 942 972 981 per
1008 942 1049 966 se
1089 929 1280 966 constanti
1315 929 1510 967 enuntiato
1543 929 1773 977 conficitur,
1814 927 1924 982 quod
1961 927 2127 981 quidem

264 1001 326 1038 rci
357 1010 607 1053 comparatae
635 1009 678 1037 ut
701 1000 868 1053 protasis
897 998 1062 1053 apodosi
1091 999 1276 1052 coniungi
1313 999 1421 1038 solet.
1488 1001 1625 1038 Priore
1666 999 1790 1039 forma
1827 1013 1927 1052 quae
1965 997 2126 1036 indutae

268 1083 357 1109 sunt
389 1072 697 1124 comparationes
728 1071 892 1123 propius
934 1069 985 1107 ad
1020 1069 1229 1123 explicatas
1273 1071 1584 1123 comparationes
1623 1070 1820 1123 simplices
1868 1070 1997 1108 adhuc
2047 1079 2126 1107 tra-

266 1152 383 1180 ctatas
415 1141 629 1189 accedunt,
663 1140 988 1196 quandoquidem
1025 1142 1268 1195 pronominis
1298 1140 1452 1180 relativi
1489 1152 1625 1180 natura
1651 1144 1703 1180 ita
1729 1141 1828 1187 sert,
1857 1153 1900 1180 ut
1929 1142 2123 1180 inferioris

266 1213 416 1252 ordinis
448 1214 656 1252 sententias
689 1212 891 1266 adiungat;
918 1211 1077 1250 alterius
1104 1221 1230 1249 autem
1262 1213 1416 1264 generis
1449 1213 1760 1265 comparationes
1791 1214 1875 1265 ipsa
1906 1227 1973 1250 sua
2003 1213 2126 1250 forma

266 1284 500 1335 praesertim
543 1284 739 1320 ornatiore
768 1282 1033 1320 auctoritatem
1063 1283 1345 1320 sententiarum
1375 1296 1451 1335 per
1476 1296 1519 1320 se
1541 1282 1797 1321 constantium
1823 1283 1897 1321 sihi
1925 1281 2124 1321 vindicare

266 1368 382 1405 posse
430 1353 624 1391 videntur.
709 1354 840 1401 Quare
893 1363 932 1390 et
977 1354 1101 1391 maior
1153 1353 1266 1406 copia
1318 1353 1502 1391 iustarum
1544 1351 1839 1390 similitudinum
1880 1352 1956 1391 hoc
2007 1352 2125 1391 modo

266 1424 431 1462 formata
461 1434 530 1469 est,
583 1435 622 1462 et
651 1423 861 1477 plerasque
909 1423 1047 1461 dubias
1078 1422 1349 1462 similitudines
1397 1423 1560 1461 eandem
1604 1424 1768 1461 formam
1808 1438 1902 1474 prae
1942 1438 1984 1460 se
2023 1423 2126 1460 ferre

265 1507 383 1547 supra
413 1495 454 1531 in
482 1493 632 1548 aliquot
664 1492 855 1547 exemplis
887 1492 1067 1539 vidimus,
1099 1493 1242 1546 quibus
1269 1507 1359 1533 mox
1389 1491 1462 1532 alia
1481 1492 1635 1532 addam.
1693 1490 1784 1532 Non
1802 1492 1944 1532 desunt
1966 1492 2128 1547 quidem

268 1564 446 1617 exempla
478 1579 579 1617 quae
612 1578 680 1602 suo
710 1564 799 1602 loco
825 1565 1051 1617 protraham
1077 1564 1374 1603 similitudinum
1405 1580 1426 1602 a
1457 1564 1616 1603 relativa
1646 1564 1772 1603 forma
1801 1564 2071 1617 incipientium
2087 1574 2127 1602 et

267 1635 448 1686 pluribus
462 1633 622 1671 adnexis
643 1635 843 1671 sententiis
859 1634 1143 1681 absolutarum3
1174 1633 1244 1671 sed
1263 1647 1379 1687 qnam
1401 1649 1539 1687 parum
1557 1636 1793 1673 conveniens
1808 1633 2125 1672 similitudinibus

269 1703 336 1741 illa
366 1704 493 1741 forma
518 1715 659 1755 poetae
691 1704 769 1740 visa
809 1704 869 1747 sit,
904 1705 989 1754 ipsa
1016 1717 1147 1740 earnm
1178 1702 1371 1755 paucitate
1403 1704 1659 1742 declaratum·
1699 1705 1863 1742 Ceterae
1900 1705 1977 1742 hoc
2007 1704 2126 1741 modo

272 1773 489 1827 explicatae
532 1774 840 1826 comparationes
880 1774 974 1826 quin
999 1773 1042 1810 in
1072 1774 1298 1811 universum
1326 1773 1569 1825 simplicibus
1601 1772 1916 1811 adnumerandae
1948 1776 2035 1820 sint,
2055 1774 2128 1813 'vix

270 1844 433 1882 dubium
466 1857 550 1882 esse
574 1854 715 1897 potest,
745 1843 819 1882 nisi
834 1842 934 1882 forte
954 1858 1069 1882 unam
1100 1842 1306 1882 alteramve
1333 1842 1627 1882 similitudinem
1662 1858 1742 1883 non
1779 1845 1868 1882 satis
1896 1844 2127 1897 explicatam

271 1930 389 1968 quam
410 1914 642 1968 explicatam
666 1915 1001 1967 comparationem
1032 1913 1251 1968 simplicem
1281 1914 1416 1953 dicere
1449 1915 1580 1953 mavis.
1640 1913 1724 1952 Sed
1753 1916 1938 1969 quoniam
1962 1916 2126 1955 formam

269 1986 391 2023 solam
418 1987 494 2024 hoc
520 1985 610 2023 loco
634 1985 963 2024 considerandam
978 1986 1233 2038 suscepimus,
1265 2000 1368 2023 nunc
1387 1986 1574 2040 exemplis
1604 1988 1807 2040 utriusque
1825 1989 1977 2041 generis
2001 1987 2124 2027 allatis

270 2058 504 2096 sententiam
535 2055 654 2095 modo
683 2058 926 2109 propositam
967 2056 1202 2095 confirmare
1233 2066 1271 2093 et
1299 2057 1413 2094 simul
1454 2057 1601 2095 docere
1629 2059 1670 2095 in
1699 2059 1828 2096 animo
1872 2069 1943 2104 est,
1983 2064 2125 2112 quanta

268 2129 452 2166 varietate
482 2138 648 2181 utraque
663 2127 787 2167 forma
817 2127 865 2165 ab
896 2127 1071 2166 Homero
1104 2127 1153 2165 sit
1180 2125 1392 2165 elaborata.
1452 2130 1486 2166 A
1509 2128 1805 2181 simplicissimis
1825 2132 2125 2183 comparationi-

264 2199 339 2237 bus
382 2198 531 2237 formae
569 2199 713 2252 prioris
746 2198 899 2237 initium
930 2198 1005 2237 fiat.
1085 2197 1225 2237 Infimo
1266 2197 1354 2237 loco
1401 2198 1584 2252 ponenda
1624 2211 1713 2239 sunt
1757 2216 1880 2254 pauca
1922 2201 2124 2254 exempla,

268 2284 437 2322 quorum
475 2270 717 2306 enuntiatum
752 2269 958 2307 relativum
996 2268 1146 2307 nullam
1189 2270 1270 2306 vim
1296 2269 1415 2307 habet
1438 2270 1513 2307 nisi
1542 2270 1718 2309 adiecti-vi
1752 2272 1832 2310 sive
1868 2272 2031 2325 epitheti
2061 2272 2124 2311 vel

266 2341 440 2379 ornantis
479 2339 541 2378 vel
574 2339 814 2393 explicantis,
846 2340 975 2394 qualia
1018 2354 1138 2394 supra
1174 2339 1289 2394 plura
1332 2339 1512 2379 vidimus.
1573 2342 1638 2381 Sic
1679 2342 1756 2380 Od.
1786 2344 1825 2389 6,
1857 2342 1939 2383 243

614 2411 691 2449 νῦν
722 2405 769 2449 δὲ
798 2409 967 2449 θεοῖσιν
995 2406 1114 2460 ἔοικε,
1133 2407 1206 2449 τοὶ
1223 2409 1406 2465 οὐρανὸν
1424 2410 1549 2466 εὐρὺν
1579 2408 1766 2467 ἔχουσιν.

265 2481 309 2519 11.
342 2483 380 2526 2,
413 2481 497 2522 337
598 2472 665 2519 Ὠ
691 2479 841 2532 πόποι,
875 2476 899 2527 ἦ
931 2476 982 2528 δὴ
1009 2481 1165 2523 παισὶν
1196 2480 1380 2527 ἐοικότες
1409 2482 1660 2538 ἀγοράασθε

615 2551 853 2609 νηπιάχοις,
885 2547 948 2601 οἷς
975 2549 1076 2595 οὔτε
1097 2551 1219 2608 μέλεά
1248 2551 1461 2607 πολεμήϊα
1490 2550 1596 2610 ἔργα.
1657 2557 1720 2597 Cf.
1751 2557 1797 2598 Il.
1829 2559 1867 2603 7,
1898 2557 1994 2598 235.

241 2641 243 2643 -
266 2624 371 2661 Tum
400 2624 446 2665 11.
475 2626 516 2673 5,
548 2627 632 2668 782
988 2623 1179 2667 λείουσιν
1209 2624 1393 2672 ἐοικότες
1420 2623 1720 2682 ὠμοφάγοισιν
