2360 3051
1048 284 1336 331 -ῃ-

259 417 361 452 eunt,
393 413 575 459 usurpata
605 402 697 441 sutis
742 401 987 450 declaratur,
1034 405 1141 443 inter
1170 404 1341 458 singulas
1364 418 1430 444 re·
1458 406 1579 460 prout
1604 406 2115 463 euiqoednboatzsseflgeffl

260 479 416 532 copiam
460 476 625 521 factam,
662 489 741 529 qua
771 475 812 513 in
841 490 886 514 re
922 476 1000 514 hoc
1035 489 1117 514 non
1145 477 1274 530 magni
1303 476 1449 523 refert,
1488 487 1623 517 utrum*
1645 492 1709 518 res
1738 478 1829 518 illae
1852 478 2030 519 einede-
2062 494 2115 519 an

261 547 405 588 diversi
435 546 589 601 generis
617 547 709 586 sint.
768 546 858 586 Uno
890 546 979 586 loco
1009 545 1054 585 ll.
1081 548 1121 594 2,
1161 547 1246 589 289
1280 545 1579 587 antecedentem
1622 548 1854 603 particulam
1881 544 1908 596 ἥ
1935 550 2116 605 sequit-2

260 631 309 657 τε
342 619 485 657 arctius
515 632 579 656 res
611 619 843 670 ceteroquin
873 617 1095 656 consimiles
1127 619 1391 671 coniungens3
1418 613 1518 656 οὔτε
1549 628 1613 657 ter
1641 620 1854 673 repetitum
1881 619 1928 659 in
1946 618 2115 674 triplici-

258 692 333 729 bus
366 689 725 743 comparationibus
756 702 873 741 supra
904 688 1082 726 vidimus.
1144 689 1360 736 Coniuncta
1393 699 1522 727 autem
1559 688 1788 729 disiuncti„
1817 685 1842 735 ἥ
1871 704 1961 729 cum
1990 704 2114 744 copu-

259 762 374 800 lativa
405 758 501 803 καί,
530 771 572 797 ut
610 759 687 797 Od.
721 763 785 804 1¹,
817 760 899 798 207
931 759 1030 813 σκιῇ
1058 758 1217 798 εἴκελον
1247 755 1270 805 ἢ
1301 757 1374 797 καὶ
1413 755 1568 812 ὀνείρῳ,
1609 760 1876 814 gradationem
1917 761 2114 816 quandam

262 833 446 870 continet.
507 833 651 884 Neque
693 840 825 868 tamen
863 830 1029 867 multum
1068 830 1201 870 diflert
1226 846 1316 869 usus
1351 831 1590 885 copulativae
1617 828 1690 869 καί
1727 832 1791 871 vel
1819 828 1905 882 ἠδέ,
1935 835 2012 871 nisi
2041 831 2116 871 ml

259 903 471 955 repetitum
505 913 570 940 aut
598 916 687 939 cum
717 900 853 940 vocula
866 912 915 939 τε
948 902 1197 940 coniunctum
1232 912 1316 948 est‚·
1349 918 1425 956 qua
1442 902 1717 941 coniunctione
1732 901 1939 949 indicatur,
1968 915 2114 943 utram-

260 990 337 1028 que
370 974 482 1012 simul
514 989 597 1012 rem
626 975 666 1011 in
699 975 1033 1028 comparationem
1065 972 1279 1011 vocandam
1313 988 1399 1012 esse
1429 984 1470 1011 ut
1499 973 1544 1012 ll.
1576 975 1615 1020 2,
1644 969 1745 1015 468.

376 1047 436 1083 De
464 1045 740 1083 coniunctione
788 1044 960 1097 plurium
999 1045 1333 1097 comparationum
1372 1044 1608 1097 simplicium
1647 1044 1697 1082 ad
1728 1059 1845 1084 unam
1884 1059 1971 1084 rem
2001 1061 2022 1084 ι
2052 1046 2115 1084 di-

262 1117 384 1155 versis
417 1116 595 1168 partibus
626 1115 895 1153 illustrandam
924 1130 1027 1153 nunc
1055 1115 1207 1153 dicturo
1249 1115 1343 1152 mihi
1374 1116 1435 1152 vix
1467 1128 1567 1167 opus
1597 1125 1667 1161 est,
1697 1125 1740 1152 ut
1772 1129 1821 1153 ex
1849 1117 1933 1168 ipsa
1964 1115 2116 1169 simpli-

261 1189 365 1226 cium
394 1199 531 1226 natura
571 1187 677 1225 bunc
717 1201 827 1224 usum
871 1196 1011 1239 sponte
1059 1186 1169 1239 quasi
1205 1185 1404 1239 profluere
1443 1199 1636 1224 moneam.
1696 1185 1801 1235 Quid
1830 1187 1935 1225 enim
1965 1187 2114 1235 obstat,

262 1260 472 1312 quominus
498 1269 626 1311 poeta,
658 1259 890 1311 praesertim
922 1257 1006 1295 talis
1038 1256 1193 1310 qualem
1226 1257 1441 1295 Homerum
1474 1258 1736 1309 cognovimus,
1762 1256 1924 1296 alicuius
1954 1259 2014 1296 rei
2049 1257 2115 1296 vel

259 1343 453 1381 personae
503 1339 633 1381 partes
686 1327 746 1366 vel
790 1330 1052 1381 proprietates
1105 1327 1369 1380 explicaturus
1409 1326 1576 1381 singulas
1615 1327 1775 1380 singulis
1814 1330 2116 1382 comparationi-

255 1398 330 1435 bus
375 1396 618 1451 simplicibus
661 1396 883 1435 illuminet?
957 1395 1074 1446 Quod
1105 1397 1137 1434 si
1168 1397 1347 1452 pluribus
1373 1398 1585 1437 maioribus
1614 1399 1969 1453 comparationibus
1993 1399 2115 1446 fieret,

258 1471 383 1507 oratio
414 1470 527 1506 nimis
566 1468 761 1506 retardata
799 1479 837 1506 et
874 1468 1012 1521 putide
1055 1479 1188 1507 ornata
1220 1469 1440 1518 videretur3
1487 1483 1617 1523 neque
1647 1470 1794 1508 infitior
1822 1481 1989 1524 propter
2019 1484 2116 1509 con-

261 1539 459 1591 globatam
499 1541 540 1575 in
574 1552 693 1575 unum
732 1539 1024 1575 multitudinem
1064 1538 1360 1575 similitudinum
1398 1539 1464 1576 bic
1501 1538 1584 1576 illic
1623 1539 1886 1590 suspicionem
1914 1539 2112 1592 quandam

262 1609 579 1662 interpolationis
617 1608 712 1645 mibi
752 1609 950 1646 subortam
995 1622 1095 1656 esse,
1134 1623 1210 1661 qua
1247 1607 1298 1645 de
1331 1622 1374 1645 re
1414 1607 1527 1661 plura
1573 1607 1741 1646 dicenda
1789 1619 1925 1655 erunt,
1971 1611 2039 1648 ubi
2066 1611 2117 1648 ad

257 1679 387 1717 locum
415 1679 464 1716 ad
497 1692 615 1732 quem
644 1678 740 1715 haec
771 1679 948 1730 quaestio
979 1679 1153 1730 pertinet
1183 1691 1422 1729 pervenero,
1482 1678 1568 1715 Hoc
1594 1677 1683 1716 loco
1711 1692 1842 1716 meum
1873 1693 1958 1717 esse
2000 1679 2117 1726 duco,

247 1741 519 1788 'Homericum
558 1764 669 1786 usum
715 1758 1028 1786 coacervatorum
1068 1746 1403 1801 comparationum
1443 1747 1681 1801 simplicium
1729 1748 1917 1801 exemplis
1964 1749 2118 1803 aliquot

264 1821 441 1875 allegatis
482 1820 533 1858 ob
578 1819 711 1859 oculos
750 1833 913 1872 ponere.
971 1819 1023 1857 Et
1061 1817 1221 1871 quidem
1261 1833 1305 1857 ea
1344 1819 1515 1871 primum
1557 1833 1797 1872 proponam,
1835 1835 1935 1874 quae
1962 1822 2033 1859 etsi
2064 1835 2113 1859 ex

259 1893 441 1946 pluribus
469 1893 632 1945 proprie
670 1900 857 1934 constant,
894 1900 1034 1934 tamen,
1065 1903 1185 1942 quum
1229 1888 1366 1926 eadem
1407 1888 1571 1926 formula
1609 1892 1907 1944 comparationis
1941 1890 2115 1929 inclusae

263 1975 302 2001 et
327 1965 368 2000 in
400 1977 516 1999 unam
555 1963 666 2016 quasi
707 1972 930 2006 contractae
971 1961 1066 2005 siut,
1098 1960 1210 1996 unius
1242 1968 1387 1996 tantum
1421 1961 1718 2013 comparationis
1747 1962 1919 2015 speciem
1949 1962 2107 2000 habent.

259 2033 494 2072 Huiusmodi
524 2034 564 2070 iu
595 2033 732 2084 primis
760 2042 816 2069 est
844 2032 1081 2084 comparatio
1108 2044 1225 2083 supra
1257 2044 1295 2082 p.
1332 2031 1412 2070 114
1443 2032 1634 2084 apposita,
1662 2047 1737 2084 qua
1754 2034 1995 2085 Agamemno
2023 2047 2113 2087 cum

260 2104 385 2142 tribus
422 2102 483 2141 dis
522 2117 542 2140 a
582 2102 695 2140 variis
737 2102 914 2155 corporis
954 2101 1131 2155 partibus
1175 2099 1394 2146 confertur,
1440 2111 1478 2139 et
1514 2111 1642 2140 tamen
1671 2117 1752 2141 eam
1783 2103 1909 2141 statim
1936 2103 2116 2155 sequitur

260 2174 502 2227 comparatio
549 2172 779 2225 explicatior
816 2172 995 2210 eiusdem
1039 2171 1151 2214 ducis
1203 2185 1288 2208 cum
1331 2182 1438 2210 tauro
1469 2173 1588 2210 boves
1621 2173 1790 2211 ducenti.
1853 2175 1915 2211 De
1947 2184 2114 2227 quatuor

261 2243 619 2297 comparationibus
650 2257 749 2295 qune
792 2242 886 2280 inde
917 2258 937 2279 a
968 2258 1004 2280 v.
1035 2240 1120 2281 455
1149 2254 1467 2294 praecesserunt,
1513 2259 1618 2282 nunc
1648 2243 1745 2282 nihil
1776 2243 1891 2291 dic03
1919 2245 1960 2281 in
1982 2253 2114 2281 nostra

261 2325 392 2354 autem
413 2312 667 2368 quadruplici
689 2314 978 2368 comparatione
996 2314 1036 2352 in
1052 2327 1129 2352 uno
1147 2312 1305 2351 homine
1319 2311 1765 2366 illustrandooccupata,
1793 2328 1910 2367 quam
1926 2312 2022 2366 plus⁴
2035 2326 2112 2351 uno

260 2386 420 2425 nomine
448 2394 488 2423 et
518 2393 674 2423 veteres
705 2394 744 2422 et
771 2385 1013 2423 recentiores
1053 2385 1344 2438 vituperarunt‚
1374 2382 1504 2422 facere
1541 2398 1621 2422 non
1651 2397 1821 2438 possum,
1852 2384 1949 2438 quin
1978 2384 2108 2423 omnia

259 2457 322 2494 vel
353 2456 608 2494 subtilissimo
652 2458 781 2494 sensui
821 2456 1024 2510 probanda
1066 2467 1104 2494 et
1135 2457 1221 2493 usui
1257 2456 1470 2493 Homerico
1502 2456 1900 2494 accommodatissima
1932 2456 2112 2495 habend-

266 2542 350 2566 esse
370 2528 574 2566 affirmem.
634 2526 718 2565 Nisi
750 2527 853 2565 enim
892 2542 939 2566 ex
980 2526 1064 2566 aliis
1106 2541 1268 2581 quoque
1307 2526 1403 2565 locis
1435 2527 1628 2580 cognitum
1658 2527 1905 2569 haberemus.
1937 2527 2111 2566 Homero

261 2608 388 2638 certas
419 2609 459 2637 et
493 2598 675 2638 definitas
713 2597 880 2637 deorum
916 2597 1162 2652 dearumque
1194 2598 1383 2653 imagines
1421 2598 1549 2637 animo
1580 2598 1716 2637 saltem
1747 2598 1969 2647 obversatus
1999 2609 2113 2641 esse,

61 2923 287 3051 N
