2360 3051
1056 290 1347 331 ...21-

284 403 401 453 Quod
431 405 536 442 enim
565 403 694 441 altero?
714 401 920 442 enunciat-o
940 400 1131 448 addim„
1144 400 1308 440 levioris
1330 401 1522 441 momenti
1550 411 1621 447 eat,
1650 415 1769 455 qnam
1792 414 1874 454 quo
1912 399 2130 454 quidqua-

281 477 458 531 imaginis
487 473 699 514 dabo-tio
727 468 942 523 adiuvetur.

399 545 466 585 Aa
500 543 678 588 ultimam
714 553 754 582 ει
788 543 1113 598 perfectissima
1153 543 1486 597 comparationum
1523 539 1759 595 simplicium
1799 541 1966 581 sormam
1998 554 2133 581 exem-

283 617 362 670 plis
390 614 660 655 illustrandam
687 629 793 654 nune
822 615 1068 669 progressuri
1096 615 1267 668 primum
1297 612 1441 666 gradus
1472 611 1663 667 quosdam
1701 612 1781 651 sive
1808 612 1964 653 ordines
1993 612 2132 652 facere

288 697 595 727 consentaneum
625 683 793 737 videtur,
820 699 987 738 quorum
1012 685 1141 738 primo
1166 684 1367 724 subiiciam
1398 682 1483 723 illas
1513 698 1615 738 qnae
1645 683 1698 722 ita
1734 682 1930 736 simplices
1958 694 1998 723 et
2024 683 2133 723 omni

288 768 425 797 ornatu
465 756 668 795 destitutae
706 765 817 800 sunt,
858 764 900 792 ut
938 754 1068 793 demto
1105 755 1226 794 verbo
1264 754 1561 809 simplicissimis
1604 752 1865 792 adnumerare
1908 767 1971 791 eas
2015 767 2132 791 nemo

287 828 493 867 dubitaret.
552 825 742 880 Exempla
771 839 872 879 quae
901 826 1069 878 repperi
1096 826 1197 864 haec
1224 836 1331 864 sunt:
1361 825 1443 866 Od.
1472 827 1511 872 5,
1540 821 1628 865 400

572 896 670 937 ἀλλ’
700 892 775 936 ὅτε
804 893 973 935 τόσσον
1003 893 1127 942 α’πῆν,
1154 891 1291 935 ὅσσον
1318 908 1367 935 τε
1394 891 1537 948 γέγωνε
1566 892 1738 949 βοήσας,

293 968 434 1009 eadem
462 968 629 1008 formula
655 969 848 1022 repetitur
886 966 965 1008 Od.
1005 966 1044 1014 9,
1075 964 1160 1007 473
1200 977 1239 1006 ει
1281 969 1345 1013 12,
1384 967 1476 1007 181.
1544 969 1648 1005 Tum
1686 967 1732 1008 Il.
1762 968 1803 1015 3,
1845 969 1897 1007 12
1942 965 2137 1006 eiusmodi

288 1040 527 1093 comparatio
554 1039 656 1078 adeo
687 1038 931 1077 similitudini
959 1039 1131 1077 immixta
1163 1050 1222 1077 est

574 1107 743 1149 τόσσον
772 1107 839 1154 τίς
869 1108 909 1147 τ’
936 1105 1205 1157 ἐπιλεύσσει,
1231 1104 1340 1147 ὅσον
1365 1107 1404 1146 τ’
1437 1106 1506 1147 ἐπὶ
1535 1105 1648 1149 λᾶαν
1677 1107 1805 1155 ἵησιν·

283 1182 410 1219 Etiam
439 1181 628 1219 minorem
666 1181 745 1219 vim
769 1175 917 1218 liabent
945 1179 1080 1218 addita
1107 1181 1229 1219 verba
1257 1178 1481 1233 γίγνεσθαι
1512 1190 1553 1219 ει
1578 1175 1737 1228 πέλειν,
1768 1194 1869 1234 quae
1901 1179 2039 1218 omissa
2056 1191 2138 1217 non

287 1250 560 1289 desiderantur
591 1261 632 1288 et
655 1249 769 1289 facile
799 1249 1156 1303 subintelliguntur.
1214 1249 1281 1289 Sic
1306 1248 1385 1288 Od.
1415 1249 1454 1296 9,
1485 1250 1538 1289 51

575 1315 709 1365 ἦλθον
735 1315 881 1367 {nuez
911 1314 999 1358 ὅσα
1027 1318 1180 1374 φύλλα
1204 1317 1279 1358 καὶ
1307 1310 1445 1359 ἄνθεα
1473 1318 1660 1371 γίγνεται
1687 1314 1782 1374 ὥρῃ.

288 1391 351 1431 Cf.
383 1390 428 1430 ll.
460 1393 498 1437 2,
524 1389 608 1431 468
640 1401 680 1429 et
707 1392 805 1437 800,
835 1391 904 1428 ubi
933 1390 1071 1429 eadem
1115 1390 1213 1430 haec
1243 1392 1482 1444 comparatio
1521 1390 1675 1445 legitur.
1735 1393 1838 1429 Tum
1868 1389 1945 1428 od.
1976 1390 2017 1435 8,
2052 1386 2135 1428 124

572 1456 711 1500 ὅσσον
735 1459 779 1499 τ’
807 1461 851 1500 ἐν
879 1462 973 1513 νειῷ
1001 1457 1127 1516 οὖρον
1155 1458 1273 1500 πέλει
1302 1459 1521 1512 ἡμιονοῖιν.

286 1533 411 1572 Verbi
443 1532 673 1587 simpliciter
702 1532 825 1572 additi
856 1532 963 1572 aliud
995 1532 1221 1588 exemplum
1247 1543 1305 1571 est
1333 1531 1414 1573 Od.
1442 1530 1484 1580 4,
1511 1532 1607 1578 535,
1632 1532 1702 1570 ubi
1731 1534 1895 1571 Proteus
1914 1545 2033 1569 senex
2049 1531 2140 1569 Me-

285 1603 399 1643 nelao
430 1604 588 1643 fratrem
619 1604 668 1642 ab
699 1604 883 1658 Aegistho
911 1615 1091 1643 necatum
1122 1618 1207 1646 esse
1236 1613 1370 1642 narrat

570 1670 621 1719 ὥς
650 1676 716 1720 τίς
743 1687 792 1713 τε
821 1671 1053 1715 κατέκτανε
1078 1672 1183 1729 βοῦν
1212 1672 1282 1713 ἐπὶ
1311 1672 1472 1729 φάτνῃ.

285 1744 436 1783 Eodem
466 1759 629 1783 numero
660 1746 787 1784 habeo
818 1745 865 1784 11.
896 1747 964 1792 22,
999 1745 1091 1791 126,
1122 1746 1190 1783 ubi
1225 1746 1373 1784 Hector
1406 1759 1538 1783 secum
1569 1744 1815 1797 colloquens,
1846 1758 1934 1783 cum
1967 1743 2142 1790 Achille,

288 1814 428 1867 inquit,
458 1814 534 1851 iam
563 1828 644 1853 non
670 1814 793 1853 otiose
823 1813 1069 1852 confabulari
1096 1812 1204 1861 licet,

806 1878 886 1922 ἅτε
913 1881 1125 1938 παρθένος
1153 1895 1202 1923 τε
1231 1882 1372 1931 ἠὶῖέος
1399 1897 1447 1923 τε

574 1952 786 2008 παρθένος
814 1951 959 1999 vii-‘Sive
987 1952 1031 1992 τ’
1058 1950 1282 2008 ὀαρίζετον
1312 1953 1548 2004 ἀλλήλοῖιν,

291 2040 391 2079 quac
434 2024 595 2079 quidem
641 2026 877 2078 comparatio
918 2025 1038 2078 paulo
1083 2024 1314 2079 explicatior
1358 2025 1457 2065 saeta
1496 2036 1555 2064 est
1595 2027 1797 2065 iteratione
1840 2024 2006 2065 duorum
2048 2040 2139 2064 ver-

288 2096 444 2143 borum,
476 2094 525 2133 de
556 2110 631 2148 qua
663 2094 780 2133 docte
811 2094 998 2134 disseruit
1026 2097 1272 2135 Duentzerus
1303 2097 1344 2134 in
1375 2096 1534 2149 ephem.
1564 2097 1684 2151 antiq.
1708 2095 1926 2136 Darmstad.
1958 2111 1990 2133 a.
2018 2096 2137 2135 1837.

292 2166 431 2203 Cetera
486 2166 665 2219 exempla
720 2167 848 2204 omnia
897 2176 963 2203 aut
1010 2168 1226 2220 participiis
1272 2166 1436 2219 aliisque
1486 2169 1723 2206 orn-inentis
1770 2179 1808 2205 et
1854 2167 2139 2212 additamentis,

290 2247 355 2274 aut
394 2236 548 2275 adnexo
590 2236 711 2276 altero
749 2236 987 2289 plerumque
1016 2237 1202 2277 breviore
1234 2238 1431 2277 enuntiato
1467 2238 1627 2279 relativo
1654 2238 1715 2278 vel
1749 2237 2055 2278 demonstrativo
2085 2238 2138 2276 ita

292 2315 382 2344 sunt
420 2305 633 2360 explicata,
670 2317 714 2346 ut
755 2306 868 2361 plura
895 2321 1049 2347 corum
1089 2310 1206 2348 etiam
1241 2307 1514 2348 similitudines
1558 2308 1699 2349 baberi
1741 2309 1912 2364 possint,
1948 2309 1981 2347 si
2016 2307 2137 2349 modo

293 2389 394 2428 quae
436 2375 569 2414 addita
604 2388 693 2415 sunt
729 2377 779 2415 ad
816 2379 991 2431 imaginis
1031 2377 1338 2433 descriptionem
1387 2382 1610 2425 conferant,
1645 2381 1688 2419 id
1733 2379 1842 2434 quod
1867 2416 1869 2419 ,
1890 2394 2008 2434 supra
2045 2382 2138 2420 satis

291 2445 422 2485 multia
478 2446 783 2486 demonstratum
829 2464 914 2488 esse
956 2460 1064 2504 puto.
1130 2452 1184 2491 Ut
1225 2466 1338 2497 vero,
1380 2451 1490 2505 quod
1529 2453 1743 2506 praecipue
1776 2452 1887 2490 huius
1938 2461 1998 2490 est
2046 2451 2142 2499 loci,

293 2517 513 2559 ubertatem
550 2531 591 2560 ει
628 2521 854 2561 varietatem
900 2514 1133 2563 Homericae
1178 2522 1358 2563 dictionis
1400 2523 1451 2563 ob
1490 2521 1623 2563 oculos
1675 2537 1838 2576 ponam,
1894 2522 2142 2564 uni-senius·

295 2604 375 2643 que
416 2592 570 2645 generis
612 2606 730 2632 annm
772 2591 984 2634 alterumve
1028 2592 1250 2648 exemplum
1287 2591 1512 2649 adiungam,
1556 2592 1765 2633 multarum
1803 2602 1934 2634 autem
1975 2592 2141 2635 aliarum
