2360 3051
1056 294 1318 331 ..7-

270 396 316 447 53
340 408 400 446 his
431 407 784 461 comparationibus
812 405 944 444 addita
969 415 1059 444 sunt
1087 403 1345 457 singularibus
1372 405 1589 452 enuntiatis,
1619 406 1697 444 hoc
1723 405 1886 460 quidem
1918 418 2122 459 compara·

271 481 418 519 tionem
448 477 672 531 simplicem
691 476 809 531 paulo
834 476 999 530 propius
1028 475 1079 514 ad
1092 475 1385 515 similitudinem
1414 475 1627 521 adducunt,
1654 477 1762 529 quod
1785 478 1831 515 iis
1861 491 1937 522 res,
1958 477 2125 530 quibus-

273 566 361 590 cum
392 558 650 603 comparatur‚
676 547 760 586 aliis
790 549 849 586 sui
879 548 1035 602 generis
1065 547 1286 600 superlores
1328 561 1413 586 esse
1445 546 1716 595 declarantur3
1744 558 1911 586 attamen
1939 548 2121 603 ‚imaginis

274 631 403 660 certae
430 635 481 659 ne
512 630 705 658 extremae
738 618 902 673 quidem
940 619 1070 657 lineae
1114 619 1419 671 conspiciuntur.
1491 618 1567 665 Qui
1599 628 1728 656 autem
1758 632 1805 656 ex
1829 634 2008 657 mensura
2038 619 2124 658 sola

273 690 581 744 comparationes
608 690 734 727 metiri
761 688 873 734 solet,
906 688 1084 742 exempla
1128 703 1230 742 quae
1261 703 1365 726 nunc
1396 687 1618 741 prolaturus
1651 703 1735 726 sum
1769 690 2122 742 comparationibus

273 761 514 816 simplicibus
539 776 560 798 a
590 775 653 799 me
685 760 933 799 adnumerari
962 774 1078 814 aegre
1105 748 1282 814 patiatur.
1343 759 1430 799 Sint
1469 774 1561 798 sane
1601 761 1780 807 maiores,
1822 775 1938 815 quam
1977 760 2121 800 multae

273 833 383 879 aliae,
411 848 505 885 quas
548 832 732 885 equidem
764 842 930 884 propter
967 832 1200 883 imaginem,
1246 846 1361 884 quam
1394 833 1644 883 paucioribus
1685 834 1813 870 verbis
1853 832 2123 870 adumbratam

273 905 487 949 continent,
517 901 786 941 similitudines
819 901 1023 954 appellare
1053 901 1204 949 malim3
1233 900 1331 938 nihil
1361 912 1491 939 tamen
1521 901 1670 939 adiecta
1701 903 1818 940 verba
1844 913 1882 940 et
1903 903 2124 940 sententiae

273 972 420 1019 volunt,
458 973 532 1010 nisi
569 981 613 1009 ut
638 986 701 1010 res
734 970 784 1009 ad
815 971 1143 1024 comparationem
1173 970 1334 1018 allatae,
1373 986 1471 1024 quae
1504 971 1668 1024 quidem
1708 971 1821 1010 solito
1852 971 1990 1025 plures
2022 981 2125 1017 sunt,

273 1044 487 1083 accuratius
518 1043 773 1096 explicentur.
833 1042 969 1079 Unum·
995 1056 1131 1080 eorum
1162 1041 1430 1094 exemplorum
1459 1042 1603 1095 legitur
1633 1043 1676 1079 ll.
1708 1044 1774 1088 22,
1807 1041 1892 1081 262
1926 1057 2029 1095 sqq„
2055 1043 2125 1079 ubi

271 1114 461 1160 Achilles,
494 1115 562 1168 qui
592 1128 680 1153 cum
710 1113 880 1152 Hectore
907 1128 948 1152 se
980 1113 1146 1151 amicitia
1186 1113 1367 1166 coniungi
1403 1127 1521 1166 posse
1551 1124 1686 1167 negat,
1717 1113 1791 1151 hac
1820 1114 1940 1151 utitur
1972 1112 2125 1174 duplici

275 1185 564 1237 comparatione
579 1198 588 1219 ε

559 1252 609 1297 ὦς
639 1253 716 1290 οὐκ
747 1248 842 1290 ἔστι
868 1248 1016 1290 λέουσι
1045 1251 1118 1290 καὶ
1148 1248 1358 1306 α’νδροίσιν
1388 1247 1511 1306 ὅρκια
1536 1249 1691 1303 πιστοί,

560 1318 660 1361 ου’δὲ
691 1322 812 1361 λύκοι
841 1335 890 1361 τε
918 1321 991 1361 καὶ
1021 1319 1139 1378 ἄρνες
1189 1320 1416 1376 ὁμόφρονα
1447 1320 1591 1372 θυμὸν
1621 1320 1812 1375 ἔχουσιν,

562 1389 678 1430 ἄλλα
709 1389 820 1430 κακοὶ
848 1390 1079 1448 φρονέουσι
1109 1388 1335 1447 διαμπερὲς
1365 1389 1631 1437 α’λλήλοισιν.

273 1466 347 1503 Hic
376 1464 657 1502 adversativum
689 1463 849 1517 quidem
879 1465 1117 1501 enuntiatum
1144 1463 1321 1502 additum
1350 1463 1539 1509 videmus,
1571 1463 1642 1501 sed
1668 1463 1765 1516 quid
1796 1462 1903 1501 alind
1934 1464 2122 1509 continet,

275 1548 392 1588 quam
422 1534 656 1573 contrarium
693 1535 793 1578 eius,
826 1533 935 1587 quod
973 1533 1224 1571 antecedenti
1261 1535 1455 1572 enuntiato
1487 1533 1635 1572 dictum
1674 1534 1756 1572 est?
1812 1533 1968 1571 Eadem
1997 1547 2126 1587 prope

276 1620 459 1644 mensura
492 1616 550 1643 est
580 1607 816 1657 comparatio
849 1604 894 1641 ll.
928 1607 993 1651 17,
1025 1607 1093 1650 20,
1123 1620 1200 1657 qua
1227 1605 1430 1642 Menelaus
1446 1605 1611 1643 Panthoi
1634 1605 1804 1642 filiorum
1829 1605 2015 1642 ferociam
2038 1619 2127 1643 cum

274 1677 397 1715 tribus
429 1678 544 1715 simul
574 1676 822 1714 ferocissimis
854 1676 989 1713 bestiis
1019 1690 1094 1727 per
1123 1676 1368 1728 negationem
1398 1677 1449 1712 ita
1477 1675 1646 1713 confert:

559 1740 654 1783 οὔτ’
679 1739 754 1782 οὖν
785 1739 1019 1797 παρδάλιος
1048 1741 1216 1782 τόσσον
1240 1743 1376 1794 μένος,
1408 1740 1507 1783 οὔτε
1533 1744 1714 1790 λέοντος,

560 1807 657 1853 οὔτε
684 1813 787 1858 συὸς
812 1813 974 1866 κάπρου
1006 1812 1279 1867 ὀλοόφρονος,
1309 1810 1408 1853 οὗτε
1440 1814 1637 1867 μέγιστος

560 1881 699 1934 θυμὸς
728 1881 790 1923 ἐνὶ
821 1880 1037 1929 στήθεσσι
1066 1881 1163 1938 περὶ
1193 1883 1342 1925 σθένεϊ
1377 1884 1628 1940 βλεμεαίνει,

563 1950 700 1993 ὅσσον
730 1952 911 1992 Πάνθου
939 1948 1024 1999 υἷες
1053 1953 1279 2006 ἐϋμμελίαι
1309 1955 1578 2012 φρονέουσιν.

276 2025 385 2064 Hanc
417 2026 763 2077 comparationem,
795 2041 895 2077 quae
927 2027 1089 2077 proprie
1115 2041 1161 2063 ex
1193 2028 1314 2064 tribus
1346 2039 1515 2074 constat,
1546 2031 1621 2065 iam
1653 2029 1896 2066 nominandis
1926 2031 2042 2066 rebus
2073 2030 2124 2066 ad

276 2106 418 2134 tantam
445 2095 748 2150 magnitudinem
765 2097 996 2142 accrevisse,
1011 2110 1125 2135 nemo
1155 2111 1234 2136 non
1253 2095 1369 2144 videt,
1401 2112 1533 2151 neque
1565 2099 1769 2152 quisquam
1795 2101 1836 2137 in
1852 2098 1984 2138 addito
2002 2115 2125 2138 enun-

278 2168 369 2206 tiato
400 2167 560 2206 relativo
589 2167 772 2213 offendet,
805 2168 872 2220 qui
901 2181 1057 2205 mecum
1087 2167 1223 2206 fecerit
1251 2169 1291 2204 in
1321 2168 1510 2222 exemplis
1536 2183 1654 2221 supra
1672 2169 1805 2215 allatis,
1826 2184 1991 2222 quorum
2007 2170 2123 2208 addi-

278 2238 325 2275 tis
363 2239 567 2276 enuntiatis
598 2238 706 2275 idem
737 2237 884 2276 dictum
913 2249 1004 2276 erat.
1066 2239 1166 2278 Huic
1205 2238 1369 2276 similem
1418 2241 1489 2278 etsi
1526 2239 1649 2293 duplo
1691 2242 1877 2278 maiorem
1919 2252 1958 2279 et
1997 2243 2124 2294 ipsam

277 2306 473 2359 triplicem
507 2308 833 2360 comparationem
863 2307 1028 2360 legimus
1060 2307 1105 2345 Il.
1140 2306 1205 2355 14,
1221 2305 1317 2354 394,
1335 2323 1412 2362 qua
1438 2310 1577 2362 ingens
1597 2309 1755 2357 clamor,
1775 2324 1942 2364 quocum
1961 2313 2124 2350 Troiani

279 2389 317 2416 et
343 2378 479 2417 Achivi
511 2380 708 2432 congressi
738 2389 837 2421 sunt,
869 2378 1091 2417 extollatur:
1333 2382 1335 2384 ’

562 2444 661 2487 οὔτε
686 2447 917 2495 θαλάσσης
946 2450 1062 2500 κῦμα
1091 2446 1226 2488 τόσον
1252 2446 1367 2503 βοάᾳ
1396 2447 1499 2488 ποτὶ
1524 2447 1694 2504 χέρσον,

560 2518 780 2560 παντόθεν
809 2520 1039 2574 ὀρνύμενον
1069 2521 1191 2575 πνοιῇ
1218 2517 1352 2573 Βορέω
1379 2518 1586 2575 ἀλεγεινῇ·

565 2587 665 2630 οὔτε
696 2589 826 2645 πυρὸς
855 2591 1017 2637 τόσσος
1044 2605 1088 2644 γε
1118 2580 1235 2630 πέλει
1260 2588 1417 2643 βρόμος
1446 2590 1698 2642 αἰθομένοιο
