2360 3051
1025 302 1312 343 ...29-

244 419 346 457 hane
386 432 472 457 rem
501 418 688 471 persequi
726 417 883 469 poterit.
941 418 1075 469 Longe
1113 415 1428 469 frequentissime
1467 415 1775 468 metaphoricum
1818 428 1934 454 usum
1977 414 2094 453 inve·

244 489 371 527 nimus
399 488 505 525 vocis
542 484 649 524 κύων
681 486 844 539 eiusque
886 485 1146 524 derivatorum
1199 495 1240 523 et
1274 472 1561 539 copulatorum3
1609 486 1717 538 quod
1763 499 1855 524 vero
1909 486 1953 523 in
1993 498 2090 523 eane

244 556 486 612 potissimum
531 554 597 593 hic
638 568 728 593 usus
771 564 974 609 tantopere
1018 554 1177 594 invaluit
1206 568 1302 609 prae
1342 557 1483 595 ceteris
1519 555 1745 594 animalibus
1783 557 1897 595 etiam
1933 555 2091 609 saepius

246 627 296 665 ad
337 626 647 679 comparationes
684 625 886 672 adhibitis,
926 627 1003 664 hoc
1043 640 1089 663 ex
1130 625 1315 678 singulari
1344 626 1600 664 familiaritate
1643 628 1719 663 iam
1756 626 1848 664 inde
1888 641 1908 663 a
1949 626 2089 678 priscis

244 698 487 749 temporibus
537 708 623 734 ante
658 697 820 735 Homeri
875 707 1042 734 aetatem
1096 713 1184 736 cum
1221 697 1287 734 illa
1328 697 1461 735 bellua
1504 708 1701 736 contracta
1743 697 1929 748 explicari
1970 711 2090 748 posse

244 766 411 807 videtur.
470 768 651 805 Attamen
688 779 766 804 nou
812 776 888 803 tam
932 767 1035 805 canis
1079 767 1253 811 virtutes,
1294 781 1388 819 quas
1442 781 1565 820 aeque
1614 776 1840 818 perspectas
1892 777 1930 805 et
1981 775 2091 804 notas

243 836 360 875 fuisse
400 850 447 874 ex
487 834 616 876 multis
657 835 873 873 Homericis
913 834 1031 880 locis,
1069 845 1111 873 ut
1149 834 1227 873 Od.
1272 838 1343 883 10,
1389 836 1494 886 2163
1542 839 1611 883 17,
1654 836 1732 877 291
1777 835 1940 891 aliisque
1969 846 2091 890 patet‘

245 922 361 960 quam
387 917 493 945 certa
523 905 715 958 quaedam
749 906 839 943 vitia
878 906 1161 958 significantur,
1206 907 1272 943 ubi
1310 909 1437 945 canini
1481 921 1608 945 mores
1646 907 1695 945 ad
1733 908 1912 946 homines
1960 918 2093 945 trans-

244 978 432 1016 seruntur.
493 977 574 1015 Sed
617 977 657 1013 in
698 975 855 1029 singulis
893 975 990 1014 locis
1037 976 1276 1029 explicandis
1319 988 1361 1015 ut
1393 979 1434 1014 in
1472 977 1600 1014 multis
1651 977 1733 1014 aliis
1778 979 1896 1016 rebus
1943 979 2090 1016 diiudi-

245 1047 378 1087 candis
422 1060 661 1101 magnopere
711 1046 924 1085 cavendum
962 1055 1038 1092 est,
1088 1060 1138 1084 ue
1179 1060 1227 1084 ex
1264 1056 1394 1085 nostra
1439 1045 1634 1099 cogitandi
1676 1046 1947 1101 loquendique
1994 1062 2089 1087 con-

244 1117 452 1158 suetudine
483 1118 609 1157 statim
641 1118 892 1157 Homericum
929 1132 1040 1156 usum
1081 1117 1294 1158 metiamur.
1356 1117 1472 1166 Quod
1510 1119 1598 1171 quia
1628 1117 1778 1156 nonulli
1816 1118 2087 1172 neglexerunt,

243 1188 309 1228 alii
341 1188 621 1243 impudicitiam
661 1187 869 1241 significari
914 1197 1118 1241 putarunt,
1149 1187 1289 1241 quibus
1329 1186 1426 1228 locis
1456 1188 1554 1226 nihil
1584 1189 1657 1227 nisi
1686 1188 1948 1243 impudentiae
1978 1190 2088 1235 notio

243 1262 353 1306 inest,
386 1260 451 1298 alii
478 1259 575 1298 adeo
617 1258 925 1297 inobedientiam
966 1258 1201 1311 quibusdam
1239 1258 1334 1297 locis
1376 1258 1595 1297 denotatam
1637 1274 1721 1297 esse
1753 1259 1948 1305 dixerunt,
1979 1260 2088 1297 euius

243 1319 490 1368 manifestum
535 1329 735 1383 vestigium
774 1328 881 1366 nullo
929 1327 1056 1366 adhuc
1094 1328 1183 1366 loco
1222 1330 1316 1367 mihi
1360 1329 1547 1383 detegere
1590 1332 1758 1384 contigit.
1818 1331 1876 1368 Ex
1906 1331 2087 1368 omnibus

240 1400 337 1439 locis
367 1400 582 1453 praecipue
626 1412 673 1436 ex
704 1398 1055 1450 comparationibus
1086 1398 1152 1436 ubi
1181 1413 1317 1437 canum
1348 1401 1494 1439 mentio
1520 1401 1572 1446 fit,
1605 1400 1816 1454 diligenter
1855 1400 2003 1440 collatis
2024 1401 2085 1438 ni-

240 1469 297 1506 hil
327 1469 434 1505 aliud
465 1470 653 1521 consequi
682 1478 789 1520 puto,
821 1482 936 1520 quam
968 1482 1104 1504 canem
1140 1469 1312 1505 Homero
1355 1470 1506 1522 siguum
1535 1470 1650 1506 fuisse
1675 1470 1858 1506 audaciae
1891 1484 1979 1512 cum
2010 1471 2085 1505 im-

242 1548 406 1590 petuoso
450 1538 620 1589 quodam
670 1551 798 1588 neque
838 1548 969 1574 tamen
1006 1539 1192 1574 constanti
1228 1548 1291 1574 aut
1330 1539 1418 1575 satis
1462 1539 1591 1576 valido
1623 1540 1752 1576 furore
1781 1541 2013 1589 praesertim
2042 1540 2084 1575 in

241 1606 430 1647 irruendo
473 1618 511 1645 et
539 1605 818 1660 persequendo
862 1606 1104 1645 coniunctae.
1165 1606 1297 1655 Qualis
1334 1606 1492 1647 audacia
1531 1608 1573 1645 in
1618 1606 1740 1647 oculis
1788 1609 1954 1647 maxime
1991 1623 2087 1647 con-

242 1678 376 1732 spicua
407 1691 528 1731 quum
557 1691 637 1716 non
668 1677 750 1716 sine
777 1675 1018 1731 impudentia
1048 1689 1129 1715 esse
1160 1675 1298 1718 soleat:
1329 1676 1474 1717 factum
1505 1676 1667 1724 videtur,
1699 1687 1739 1716 ut
1769 1689 1927 1731 praeter
1964 1678 2084 1718 auda-

243 1748 340 1786 ciam
368 1749 482 1785 etiam
511 1747 795 1801 impudentiam
834 1748 910 1785 oris
947 1746 1197 1799 significaret,
1232 1761 1358 1801 quam,
1385 1747 1481 1786 licet
1508 1749 1548 1785 in
1575 1748 1727 1786 feminis
1751 1749 1868 1802 magis
1896 1764 2011 1803 quam
2039 1750 2080 1787 in

240 1821 331 1856 viris
357 1820 406 1857 sit
433 1818 710 1872 vituperanda,
751 1818 864 1856 aliam
892 1819 1126 1856 seminarum
1160 1833 1275 1872 quam
1303 1821 1473 1857 virorum
1502 1834 1586 1858 esse
1619 1834 1706 1857 cum
1736 1821 1915 1859 Passovio
1945 1820 2081 1859 dicere

240 1889 373 1927 nolim.
432 1890 563 1941 Atque
590 1889 689 1925 haec
720 1888 880 1941 quidem
910 1888 1035 1926 audax
1061 1889 1303 1941 impudentia
1335 1891 1412 1927 sive
1438 1889 1649 1943 impudens
1680 1890 1837 1928 audacia
1855 1891 1963 1929 nullo
1988 1891 2079 1929 loco

239 1961 359 2006 abest,
390 1960 616 2013 ubicunque
648 1960 750 1997 cauis
781 1970 958 1998 naturam
987 1960 1209 1999 hominibus
1230 1960 1450 1999 attributam
1480 1960 1671 2000 videmus.
1729 1961 1811 2001 Sed
1841 1972 1884 2000 ut
1916 1961 2079 2000 redeam

238 2032 343 2069 unde
375 2031 571 2084 digressus
601 2046 704 2076 sum,
748 2046 862 2084 quam
894 2032 1059 2085 vulgaris
1092 2044 1131 2071 et
1169 2034 1256 2071 trita
1287 2035 1396 2085 quasi
1425 2034 1522 2071 haec
1552 2034 1776 2085 metaphora
1808 2034 1933 2078 fuerit,
1963 2034 2101 2071 etiam·

238 2102 436 2156 frequenti
472 2117 543 2140 usu
584 2101 765 2140 adiectivi
802 2100 942 2146 κύνεος
982 2118 1057 2156 per
1096 2117 1231 2142 omnes
1268 2103 1409 2155 gradus
1446 2105 1619 2157 usurpati
1661 2104 1929 2149 confirmatur,
1969 2103 2077 2156 quod

238 2173 406 2212 eandem
437 2188 551 2227 quam
583 2173 866 2212 substantivum
900 2184 938 2212 et
971 2173 1156 2214 adiectiva
1185 2173 1363 2227 copulata
1389 2174 1708 2227 significationem
1743 2175 1868 2212 habet.
1927 2173 2076 2211 Similia

238 2242 425 2281 adiectiva
467 2244 515 2280 ab
548 2242 711 2281 aliorum
746 2242 967 2281 animalium
1008 2245 1229 2283 nominibus
1260 2243 1432 2283 derivata
1462 2245 1602 2283 frustra
1631 2244 1735 2298 apud
1768 2245 1977 2282 Homerum
2009 2258 2075 2281 re-

238 2315 354 2366 quiri,
384 2327 464 2350 non
493 2314 605 2351 valde
631 2314 862 2360 mirandum,
894 2330 1013 2367 quum
1044 2316 1104 2353 vel
1134 2316 1458 2354 substantivorum
1487 2317 1741 2368 metaphorici
1771 2330 1860 2352 usus
1894 2315 1972 2352 duo
1993 2326 2078 2352 tan-

236 2393 318 2421 tum
350 2381 527 2435 exempla
551 2385 821 2435 superioribus
840 2383 986 2423 addere
1006 2387 1165 2438 possim.
1224 2388 1397 2434 Quorum
1419 2387 1589 2440 primum
1609 2387 1728 2439 ipsius
1747 2386 1848 2424 canis
1870 2386 2075 2424 notionem

236 2454 480 2493 coniunctam
508 2454 627 2492 habet
664 2466 703 2492 et
732 2470 850 2494 sensu
881 2470 960 2495 non
998 2456 1159 2496 multum
1190 2456 1341 2495 diverso
1371 2472 1392 2494 a
1422 2473 1457 2495 v.
1484 2458 1659 2501 κυνῶπις
1690 2456 1739 2494 ad
1776 2456 2075 2495 conviciandum

235 2520 446 2561 adhibetur
487 2523 529 2562 ll.
561 2527 637 2571 21,
674 2524 779 2573 394,
817 2525 925 2575 421,
963 2528 1030 2567 ubi
1067 2529 1244 2567 Minerva
1280 2526 1494 2580 κυνάμυια
1530 2539 1707 2577 vocatur3
1751 2543 1907 2569 muscae
1946 2539 2077 2568 autem

234 2592 433 2632 audaciam
473 2596 513 2633 in
549 2597 839 2651 comparatione
874 2597 918 2636 Il·
953 2601 1016 2646 17,
1048 2601 1132 2641 570
1169 2599 1403 2653 descriptam
1436 2600 1567 2639 habes.
1626 2600 1806 2647 Alterum
1842 2600 2070 2656 exemplum
