2360 3051
1027 236 1318 282 ..2⁶-

252 353 441 408 Denique
472 351 552 392 Od.
580 353 623 399 8,
651 349 737 393 45⁷

481 421 721 463 Ναυσικάα
749 418 814 475 δέ,
840 423 949 466 θεῶν
979 419 1066 465 ἄπο
1094 424 1251 473 κάλλος
1277 422 1459 482 ἔχουσα.

252 496 394 533 Eidem
426 495 627 533 secundae
659 495 774 534 classi
803 496 1083 549 explic-tarum
1113 497 1444 549 comparationum
1476 494 1713 548 simplicium
1743 494 2002 534 adnumerare
2026 500 2107 535 non

252 564 388 605 dubito
425 579 489 606 eas
537 566 863 619 comparationes,
900 568 1043 621 quibus
1073 567 1306 621 plerumque
1336 567 1640 619 praepositionis
1670 565 1832 604 alicuius
1862 580 1939 618 ope
1968 565 2042 604 alia
2070 576 2110 605 et

249 648 349 675 nova
379 650 444 675 res
476 650 570 675 cum
598 650 643 675 re
673 636 859 691 primaria
888 638 1189 692 comparationis
1219 636 1425 676 coniuncta
1457 645 1537 684 εει,
1567 650 1670 690 quae
1701 650 1824 689 quum
1852 649 1985 689 neque
2015 634 2108 675 illn-

250 706 404 746 strandi
431 721 567 762 neque
598 706 764 747 ornandi
787 722 899 747 causa
929 708 1062 747 addita
1092 710 1152 757 sit,
1184 707 1256 748 sed
1285 706 1335 747 ad
1365 706 1466 745 hanc
1504 706 1630 760 ipsam
1658 720 1740 745 non
1779 706 1907 746 minus
1947 720 2107 761 compa-

250 778 350 817 ratio
379 779 578 833 pertineat
605 779 670 824 ite,
696 788 740 817 ut
768 792 847 818 non
876 794 940 818 res
966 779 1142 834 singulae
1168 779 1241 820 sed
1267 780 1382 819 binae
1413 778 1523 832 quasi
1552 787 1684 816 mutuo
1714 777 1818 817 inter
1858 792 1903 817 se
1948 791 2109 830 compa-

250 858 399 895 rentur,
415 861 496 886 non
526 848 721 887 immerito
751 849 794 887 in
823 848 1017 888 nudarum
1047 851 1178 904 potius
1209 864 1327 905 quam
1359 848 1640 904 explicaturum
1662 862 1828 888 numero
1857 848 2108 896 haberemus,

249 918 283 956 ai
311 932 393 956 non
432 918 559 956 forma
596 919 716 972 magis
749 934 866 973 quam
904 923 1068 959 materia
1110 923 1412 974 comparationis
1452 920 1699 974 respicienda
1736 930 1851 962 esset.
1918 918 2109 973 Exempla

252 988 445 1041 quaedam
474 1002 576 1040 quae
606 987 689 1026 dixi
721 989 1026 1028 confirmabunt:
1058 990 1102 1028 ll.
1134 991 1175 1036 8,
1207 992 1286 1030 271

483 1055 627 1111 αὐτὰρ
655 1052 680 1096 ὂ
709 1058 924 1112 (Τεῦκρος)
956 1054 1078 1105 αὖτις
1108 1057 1193 1110 ἰών,
1222 1057 1325 1104 πάϊς
1352 1053 1405 1103 ὣς
1433 1056 1520 1097 ὑπὸ
1549 1056 1725 1110 μητέρα,
1755 1053 1913 1097 δύσκεν

483 1126 542 1174 εἰς
572 1127 744 1168 Αἴανθ’.

247 1196 297 1238 11.
330 1201 397 1244 11,
426 1199 512 1240 383
542 1195 633 1237 οἵτε
664 1211 716 1238 σε
743 1197 995 1255 πεφρίκασι,
1023 1198 1167 1239 λέονθ’
1198 1198 1250 1246 ὡς
1281 1194 1461 1252 μήκαδες
1489 1193 1613 1251 αἶγες.

250 1266 299 1309 11.
332 1269 398 1315 12,
429 1268 515 1309 293
952 1266 1213 1325 Σαρπήδονα
1240 1266 1425 1322 μητίετα
1452 1269 1558 1316 Ζεὺς

480 1333 614 1393 ὦρσεν
644 1337 712 1378 ἐπ’
739 1336 994 1394 Ἀργείοισι,
1013 1339 1160 1381 λέονθ’
1189 1336 1239 1387 ὥς
1266 1339 1420 1395 βοῦσιν
1449 1336 1590 1388 ἕλιξιν.

246 1406 295 1448 11.
327 1410 366 1455 5,
397 1406 482 1448 476
516 1409 725 1464 Sarpedon
755 1411 967 1450 Hectorem
995 1412 1206 1466 obiurgans
1236 1422 1351 1467 negat
1379 1425 1616 1466 quemquam
1645 1411 1809 1450 fratrum
1839 1411 1923 1451 eius
1952 1421 2018 1451 aut
2031 1411 2111 1451 affi-

249 1479 360 1517 nium
391 1494 413 1517 a
443 1493 486 1517 se
519 1481 696 1534 conspici
723 1495 856 1534 posse,

485 1547 604 1586 ἀλλὰ
631 1549 1021 1600 καταπτώσσουσι,
1049 1550 1166 1596 κύνες
1196 1546 1246 1597 (ὃς
1276 1548 1397 1605 α’μφὶ
1425 1549 1595 1601 λέοντα,

250 1619 319 1657 ubi
364 1629 545 1672 quartum
588 1621 892 1672 comparationis
934 1622 1159 1659 membrum
1197 1636 1278 1659 non
1315 1621 1462 1660 diserte
1504 1621 1667 1674 quidem
1704 1621 1882 1659 additum
1925 1632 1996 1668 est,
2039 1623 2112 1661 sed

247 1686 434 1727 facillime
468 1703 515 1727 ex
545 1689 592 1728 iis
617 1703 719 1743 quae
747 1700 1052 1743 praecesserunt
1080 1689 1293 1728 Diomedes
1323 1689 1562 1743 intelligitur.
1591 1692 1788 1744 Perquam
1820 1691 1945 1730 simile
1977 1702 2037 1731 est
2063 1691 2107 1730 Il.

251 1760 317 1806 17,
344 1757 441 1805 460,
471 1760 542 1797 ubi
575 1758 827 1798 Automedon
855 1760 961 1799 iuter
989 1760 1184 1800 Troianos
1214 1760 1413 1814 pugnabat

480 1825 625 1875 ἵπποις
655 1826 837 1881 οἷΐσσων,
866 1826 958 1876 (ὄπ’
989 1828 1184 1883 αἰγυπιὸς
1214 1828 1326 1881 μετὰ
1355 1830 1500 1883 χῆνας.

247 1900 336 1940 Huc
365 1912 576 1954 praeterea
604 1901 778 1953 pertinet
806 1900 882 1939 Od.
918 1901 984 1947 19,
1014 1902 1111 1946 233,
1138 1901 1206 1938 ubi
1235 1900 1398 1953 Ulysses
1427 1900 1652 1954 Penelopae
1683 1900 1799 1940 dicit:

478 1969 560 2012 τὸν
586 1966 634 2011 δὲ
663 1970 815 2025 χιτῶν’
846 1968 1009 2017 ἐνόησα
1036 1968 1136 2024 περὶ
1166 1965 1270 2024 χροῒ
1299 1967 1576 2022 σιγαλόεντα,

482 2035 577 2080 οἶόν
604 2054 654 2080 τε
683 2040 886 2096 κρομύοιο
915 2039 1053 2080 λοπὸν
1083 2039 1201 2079 κάτα
1231 2038 1475 2095 ἰσχαλέοιο.

247 2113 436 2153 Eiusdem
467 2115 624 2167 generis
655 2124 726 2160 est,
754 2128 992 2167 quamquam
1021 2112 1118 2151 alius
1149 2121 1307 2151 ornatus
1336 2112 1511 2158 accessit,
1544 2110 1588 2149 Il.
1623 2113 1689 2158 17,
1719 2109 1760 2158 4,
1798 2112 1867 2150 ubi
1906 2111 2108 2152 Meneleut

248 2182 473 2224 Patroclum
510 2184 685 2224 occisum
714 2184 889 2222 sentiens

481 2251 602 2309 ἀμφὶ
632 2248 673 2292 δ’
703 2243 774 2307 ἆρ’
804 2254 922 2307 αὐτῷ·
949 2252 1079 2308 βαῖν’,
1103 2248 1156 2299 ὥς
1184 2266 1250 2299 τις
1276 2249 1369 2307 περὶ
1398 2249 1584 2306 πόρτακι
1611 2252 1761 2307 μήτηρ,

482 2323 766 2382 πρωτοτόκος,
795 2325 963 2381 κινυρή,
991 2326 1043 2365 οὐ
1073 2323 1176 2381 πρὶν
1204 2320 1349 2363 εἰδυῖα
1376 2324 1536 2372 τόκοιο,

251 2415 351 2455 quae
364 2399 606 2454 comparatio
618 2409 658 2437 et
676 2398 875 2438 verissima
887 2398 1128 2451 etaptissima
1143 2410 1261 2451 quam
1277 2396 1471 2434 immerito
1489 2395 1702 2447 vituperata
1717 2395 1777 2441 sit,
1799 2408 1869 2433 suo
1885 2393 1973 2433 loco
1993 2393 2106 2433 vide-

250 2470 396 2510 bimus.
424 2470 511 2510 Alia
526 2469 704 2510 eiusdem
714 2470 867 2525 generis
887 2469 1064 2523 exempla
1076 2479 1166 2509 sunt
1176 2466 1256 2510 Od.
1272 2470 1308 2514 1,
1320 2467 1430 2516 3083
1446 2464 1485 2512 4,
1501 2464 1678 2516 413312,
1691 2467 1797 2514 2373
1817 2467 1881 2513 ¹7,
1899 2467 1992 2513 110,
2005 2467 2104 2508 397.

250 2543 379 2581 Pauca
407 2542 537 2583 adhuc
566 2541 747 2598 exempla
776 2553 986 2597 supersunt
1014 2540 1351 2596 comparationum
1381 2538 1432 2576 ita
1461 2536 1751 2592 explicatarum‚
1781 2546 1824 2576 ut
1850 2536 1943 2577 huic
1965 2548 2106 2576 secun-
