2360 3051
1047 297 1334 339 —n—

265 413 308 450 in
336 412 693 466 comparationibu-
720 424 834 451 naum
859 426 1049 467 nusquam
1073 411 1273 467 impedire
1300 423 1367 453 aut
1392 413 1550 452 turbare
1577 427 1706 468 posse.
1766 414 1897 463 Quare
1923 409 2117 461 eiusmodi

268 481 458 535 exempla,
487 497 590 535 quae
618 496 674 519 ne
701 480 820 519 muln
841 481 1004 534 quidem
1033 493 1135 529 sunt,
1165 483 1304 522 afferre
1334 499 1415 523 non
1454 498 1599 537 operae
1631 486 1798 536 pretium
1829 484 1945 523 duco.
1975 483 2119 522 Verio-

265 551 319 590 ris
350 550 649 603 comparationis
681 549 746 588 alii
775 550 969 589 immixtae
1005 551 1230 607 exemplum
1256 568 1373 609 supra
1388 570 1430 610 p.
1447 559 1497 597 21
1518 556 1568 594 ob
1601 555 1710 593 aliam
1729 570 1879 596 causam
1893 554 2119 611 appositum

267 637 386 660 uuum
417 621 525 676 quod
568 632 626 660 est
654 622 698 660 11.
728 623 767 669 3,
803 626 853 663 12
895 636 943 661 eo
973 622 1086 662 facile
1114 636 1330 678 excusatur,
1360 626 1470 680 quod
1510 627 1609 665 haec
1641 629 1877 680 comparatio
1904 637 1948 665 ut
1972 625 2117 664 multae

269 693 367 731 aliae
398 693 512 731 huius
540 695 694 745 generis
721 695 760 730 in
789 693 920 731 locum
951 696 1060 731 verbi
1091 696 1244 748 proprii
1275 698 1508 734 successisse
1530 696 1702 749 putanda
1736 706 1802 732 est.
1864 698 2003 750 Neque
2034 710 2118 733 ma-

270 765 325 818 gis
356 763 589 802 offendimus
620 766 659 802 in
676 764 799 805 altera
830 767 1130 817 comparatione,
1150 781 1265 818 quam
1287 750 1333 805 Il.
1350 765 1387 811 4,
1407 768 1489 805 277
1523 762 1799 820 (μελάντερον
1825 763 1924 810 ἠΰτε
1955 764 2114 814 πίσσα)

269 834 513 874 similitudini
550 836 732 873 intextam
764 836 992 872 invenimus.
1052 836 1140 888 Ipsa
1171 838 1275 873 enim
1310 836 1521 875 similitudo
1569 847 1645 874 tam
1696 837 1772 875 late
1803 836 1938 874 diffusa
1977 848 2045 883 est,
2076 847 2119 874 ut

271 908 531 960 copiosiorem
571 908 854 959 expositionem
890 907 1020 943 addita
1058 922 1174 960 parva
1205 908 1372 959 imagine
1411 907 1638 946 illustratam
1674 910 1803 962 potius
1842 921 1956 962 quam
1985 908 2118 945 turba-

269 989 345 1017 tam
385 978 563 1018 dixerim.
632 978 747 1027 Quod
788 989 908 1017 restat
949 978 1171 1031 exemplum
1202 978 1351 1023 Iliadis,
1385 994 1463 1032 quo
1494 980 1580 1018 loco
1613 981 1703 1030 (18,
1739 979 1834 1027 109)
1879 978 2013 1032 χόλος
2044 980 2117 1016 de-

271 1050 472 1096 scribitur,

500 1116 593 1163 ὅςτε
622 1118 733 1157 πολὺ
763 1117 937 1172 γλυκίων
967 1119 1140 1171 μέλιτος
1177 1119 1555 1176 καταλειβομένοιο

499 1186 661 1242 ἀνδρῶν
690 1192 733 1229 ἐν
764 1192 1008 1236 στήθεσσιν
1038 1188 1229 1238 ἀέξεται,
1261 1188 1361 1237 ἠΰτε
1390 1191 1562 1238 καπνός,

273 1262 445 1302 continet
473 1260 573 1300 illud
605 1260 764 1315 qutdem
793 1260 886 1301 (luas
919 1264 1225 1315 comparationes
1256 1279 1331 1301 uno
1364 1264 1562 1301 enuntiato
1593 1262 1783 1310 inclusas;
1815 1278 1944 1315 neque
1977 1273 2117 1305 tamen,

273 1348 392 1388 quum
405 1343 542 1371 neutra
560 1332 868 1386 simplicissimae
898 1335 1195 1387 comparationis
1225 1332 1319 1370 fines
1351 1331 1541 1378 excedat,
1572 1348 1702 1370 earum
1735 1333 1957 1370 coniunctio
2001 1331 2118 1384 quid-

273 1419 388 1458 quam
415 1404 633 1442 offensionis
664 1404 792 1450 habet,
823 1406 903 1442 sive
936 1407 1241 1457 comparationes
1271 1404 1360 1442 illae
1400 1406 1440 1441 in
1477 1405 1809 1456 comparationum
1835 1405 1937 1441 iuxta
1970 1405 2117 1455 posita-

269 1490 356 1514 rum
400 1489 561 1514 numero
599 1486 822 1529 ponuntur,
854 1476 932 1515 sive
969 1476 1176 1529 imaginem
1215 1475 1372 1530 imagini
1410 1476 1619 1514 immixtam
1650 1476 1797 1515 habere
1827 1476 1955 1514 mavis.
2014 1475 2115 1522 Fre-

270 1548 450 1600 quentius
480 1557 607 1584 autem
635 1561 752 1600 quam
776 1548 816 1583 in
844 1549 1016 1599 protasin
1044 1547 1197 1600 periodi
1237 1547 1520 1600 comparativae
1562 1548 1602 1583 in
1635 1546 1826 1599 apodosin
1858 1559 1959 1584 nova
1989 1560 2113 1599 eaque

269 1618 504 1670 plerumque
544 1617 827 1669 simplicissima
868 1619 1106 1670 comparatio
1145 1617 1351 1654 inducitur.
1420 1619 1528 1663 Quae
1567 1618 1600 1652 si
1630 1630 1762 1653 rursus
1807 1617 1881 1653 alia
1909 1630 1958 1653 ex
1988 1625 2117 1669 parte,

273 1705 387 1741 quam
418 1705 651 1741 praegressa
682 1690 973 1740 comparatione
1003 1691 1148 1726 maiore
1176 1691 1318 1725 sactum
1349 1699 1419 1732 est,
1449 1690 1667 1725 subiectum
1686 1688 1747 1725 vel
1767 1688 2036 1740 praedicatum
2067 1687 2116 1722 il-

268 1757 441 1805 luminat,
472 1758 568 1796 nihil
598 1759 778 1811 profecto
812 1769 870 1797 est
900 1758 1008 1811 quod
1039 1760 1234 1795 miremur,
1295 1759 1360 1797 Sic
1390 1774 1490 1811 quae
1523 1759 1759 1810 comparatio
1789 1757 1985 1802 11.6‚513
2018 1758 2113 1795 snb-

271 1829 448 1881 sequitur
476 1824 566 1871 ὥςτ’
605 1826 797 1881 ἠλέκτωρ,
826 1828 1093 1867 adarmorum
1121 1827 1373 1883 splendorem
1404 1830 1588 1882 pertinet,
1620 1842 1739 1882 quum
1757 1827 2009 1866 similitudine
2041 1842 2112 1866 an-

269 1900 471 1938 tecedenti
500 1901 678 1938 Hectoris
708 1901 856 1938 animus
887 1902 1120 1953 superbiens
1161 1910 1198 1937 et
1230 1899 1421 1937 exsultans
1461 1910 1791 1953 repraesentetur.
1864 1898 2010 1937 Similia
2044 1915 2113 1937 ex-

271 1970 401 2023 empla
431 1970 685 2024 suppeditant
726 1970 769 2008 Il.
806 1974 869 2017 Η,
899 1973 996 2017 295,
1023 1969 1130 2019 4733
1174 1974 1242 2017 20,
1272 1972 1379 2019 4903
1407 1972 1483 2009 Od.
1521 1973 1583 2018 13,
1614 1973 1691 2020 893
1725 1971 1789 2018 16,
1821 1974 1886 2011 21·
1949 1972 2112 2009 Duobus

269 2041 367 2081 locis
394 2041 437 2080 Il.
469 2045 532 2088 11,
551 2041 606 2082 66
638 2052 676 2081 et
706 2042 782 2081 Od.
809 2042 974 2089 10‚4lO
1004 2058 1102 2083 nova
1134 2043 1370 2095 comparatio
1403 2041 1561 2080 demum
1592 2043 1764 2081 secundo
1791 2042 1973 2096 apodosis
1989 2058 2112 2080 mem-

269 2113 342 2152 bro
361 2114 598 2162 continetur3
628 2130 743 2167 quam
772 2116 822 2153 ob
844 2130 927 2153 rem
947 2130 1026 2153 non
1043 2114 1206 2152 multum
1221 2113 1403 2152 differunt
1433 2130 1453 2151 a
1472 2116 1827 2168 comparationibus
1847 2114 1988 2153 eodem
2019 2114 2108 2153 loco

270 2185 501 2223 coacervatis
529 2199 624 2238 quas
654 2185 772 2224 modo
804 2184 1142 2242 consideravimus.

384 2257 564 2309 Denique
594 2267 781 2309 respectu
807 2258 988 2294 materiae
1019 2271 1099 2294 non
1118 2255 1242 2294 solum
1273 2257 1320 2293 ab
1354 2272 1427 2294 una
1459 2256 1674 2309 eademque
1709 2271 1750 2293 re
1776 2270 1877 2292 nuuc
1908 2254 2109 2307 simplices

269 2329 598 2379 comparationes,
630 2342 734 2365 nunc
763 2327 1203 2381 similitudinempetitas
1234 2329 1457 2381 saepissime
1488 2329 1735 2373 invenimus,
1772 2327 1841 2364 sed
1874 2327 1990 2365 etiam
2019 2326 2111 2380 plu-

267 2412 331 2435 res
370 2395 570 2451 simplices
607 2401 710 2437 vario
751 2399 869 2439 modo
901 2399 1115 2452 explicatae
1156 2411 1195 2438 et
1230 2398 1502 2437 similitudines
1548 2398 1815 2450 multipliciter
1852 2398 2018 2435 variatae
2056 2398 2112 2435 ad

203 2492 210 2501 .
254 2465 439 2505 ·eundem
469 2466 617 2506 fontem
650 2468 896 2508 revocandae
934 2479 1033 2511 sunt.
1102 2470 1204 2519 Quin
1235 2469 1347 2508 etiam
1376 2484 1457 2508 non
1499 2468 1639 2509 desunt
1673 2468 1861 2522 exempla,
1893 2468 1933 2505 in
1963 2468 2112 2522 quibus

267 2537 410 2592 nudam
443 2541 771 2593 comparationem
808 2541 1025 2595 simplicem
1061 2543 1186 2580 statim
1228 2542 1403 2595 sequitur
1445 2543 1682 2594 comparatio
1714 2542 1861 2587 maior,
1893 2555 1995 2593 quae
2022 2555 2114 2589 rem

267 2608 387 2648 modo
414 2609 555 2649 leviter
587 2610 791 2658 indicatam
832 2626 937 2651 nunc
967 2612 1161 2666 copiosius
1191 2623 1228 2650 et
1258 2613 1429 2657 ornatius
1474 2611 1651 2666 explicat.
1711 2612 1742 2649 E
1773 2625 1921 2666 niagno.
1941 2608 2113 2660 numero

745 2721 795 2749 -i
