2360 3051
1042 278 1330 321 ...3⁶-

253 397 415 443 inisset,
440 397 474 434 ai
506 405 673 448 utraque
709 395 953 448 comparatio
999 393 1107 433 idem
1146 395 1305 433 tertium
1343 393 1647 447 emp-radonis
1673 391 1854 432 hahent.
1902 394 1999 445 ‘sed
2025 398 2100 436 eui

256 467 460 516 Homerus,
500 465 570 520 qui
608 463 700 504 alias
741 463 874 503 addita
915 480 990 503 una
1027 464 1196 504 alterave
1237 479 1332 504 voce
1364 463 1466 503 illud
1494 467 1656 504 tertium
1686 465 1997 520 comparationis·
2015 468 2107 520 ipse

255 548 471 576 monstrare
501 536 626 582 solet,
670 536 749 574 hoc
787 535 875 574 loco
902 537 943 572 in
973 535 1138 588 apodosi
1168 535 1398 589 posterioris
1432 536 1734 588 comparationis
1760 536 1922 574 verbum
1957 536 2108 582 κινήθη

256 608 425 662 repetiit,
458 622 576 662 quam
608 606 772 646 eandem
802 608 843 646 in
875 608 1019 661 protasi
1051 606 1193 660 prioris
1226 606 1526 658 comparationis
1552 608 1833 659 praemiserat:
1870 619 1999 646 tamen
2025 610 2108 664 agi-

256 681 346 717 tatio
380 679 582 718 concionis
612 678 686 716 alia
718 679 878 730 cogitari
914 688 1041 730 potest
1084 692 1170 715 cum
1201 678 1384 715 fluctuum
1423 688 1529 715 aestu
1557 677 1709 725 collata,
1739 678 1812 717 alia
1843 694 1931 718 cum
1963 682 2108 733 segeti-

256 751 331 789 bus
346 760 463 789 vento
480 751 624 787 iactatis
654 758 886 801 comparata.
920 748 964 785 In
982 747 1046 785 illa
1080 749 1367 801 comparatione
1385 748 1584 786 concionis
1611 749 1856 801 perturbatio
1877 750 1916 788 in
1949 751 2108 789 univer-

257 837 340 859 sum
388 822 661 864 adumbratur,
706 821 747 856 in
779 821 851 856 hac
896 820 1034 856 concio
1077 820 1278 856 aristarum
1309 829 1420 856 vento
1462 832 1736 870 percussarum
1766 820 1885 857 modo
1916 835 2107 874 praeceps

255 905 448 944 proruens
477 900 808 944 repraesentatur.
869 889 930 928 Cf.
964 889 1263 941 Naegelsbachii
1296 889 1440 929 adnott.
1482 888 1531 927 ad
1573 888 1683 929 Iliad.
1716 891 1754 935 2,
1790 888 1882 932 148.
1954 891 2108 938 Quodsi

258 963 320 1000 cui
357 962 452 1000 haec
500 960 705 1015 explicatio
751 960 900 999 acutior
940 974 1054 1014 quam
1100 960 1229 997 verior
1267 959 1463 1007 videatur,
1503 976 1590 998 cum
1622 960 1772 1015 Heynio
1804 961 1969 1016 primam
2000 976 2110 1001 com-

255 1035 500 1084 parationem
530 1032 806 1084 interpolatam
834 1033 979 1068 habere
1012 1032 1185 1068 debebit.
1250 1033 1354 1068 Haec
1387 1033 1506 1068 habui
1538 1046 1637 1084 quae
1670 1033 1719 1068 de
1742 1032 1984 1085 simplicibus
2001 1046 2108 1071 com-

256 1105 522 1157 parationibus
555 1120 631 1142 uno
662 1105 750 1142 loco
782 1106 997 1142 coniunctis
1029 1103 1226 1149 dicerem3
1260 1102 1356 1154 quid
1387 1103 1438 1139 de
1466 1102 1645 1154 pluribus
1660 1113 1734 1140 tam
1757 1105 1972 1141 minoribus
1992 1120 2108 1156 quam

256 1175 471 1213 maioribus
501 1188 581 1212 non
612 1173 775 1228 quidem
807 1175 908 1212 iuxta
939 1173 1076 1227 positis
1107 1172 1177 1211 sed
1204 1174 1343 1226 exiguo
1373 1171 1575 1211 intervallo
1606 1173 1837 1226 interposito
1869 1176 2112 1213 occurrenti-

258 1245 332 1281 bus
363 1246 412 1281 sit
440 1244 696 1289 statuendum,
724 1244 788 1280 alii
812 1244 899 1282 loco
931 1242 1208 1297 inquirendum
1240 1243 1473 1298 relinquam.

376 1317 473 1368 Cap.
506 1317 555 1352 Π.
588 1317 667 1352 Iam
698 1318 729 1353 si
771 1318 993 1369 quaeritur,
1030 1329 1146 1368 quam
1187 1317 1379 1353 rationem
1416 1315 1613 1369 simplices
1659 1317 1966 1370 comparationes
1994 1326 2032 1354 et
2061 1318 2115 1355 si-

257 1386 499 1424 militudines
538 1389 640 1425 inter
675 1402 717 1425 se
765 1387 950 1431 habeant,
993 1389 1032 1423 in
1079 1388 1283 1439 superiore
1327 1386 1589 1439 disputatione
1622 1386 1706 1423 fieri
1736 1401 1814 1425 non
1845 1389 1983 1440 potuit,
2015 1390 2111 1441 quin

255 1457 442 1495 nonnulla
473 1459 549 1495 huc
580 1459 815 1511 pertinentia
857 1459 1091 1512 attingerem
1120 1469 1180 1504 et,
1213 1468 1399 1511 quantum
1430 1473 1501 1512 per
1531 1458 1644 1511 spatii
1674 1459 1865 1511 angustias
1893 1459 2013 1506 licuit,
2044 1461 2114 1497 ab-

262 1529 473 1576 solverem3
504 1529 575 1567 sed
606 1530 699 1567 huic
723 1529 813 1567 loco
843 1530 920 1567 hoc
949 1532 1159 1582 praecipue
1189 1530 1371 1567 relictum
1402 1540 1470 1575 est,
1504 1541 1545 1567 ut
1572 1531 1743 1581 primum
1770 1531 1969 1582 simplices
2002 1546 2111 1569 com—

258 1600 488 1653 parationes
522 1600 571 1637 ab
609 1599 782 1638 Homero
833 1598 1032 1637 interdum
1074 1600 1283 1638 maioribus
1325 1600 1679 1652 comparationibus
1720 1601 1882 1639 intextas
1917 1617 2000 1640 esse
2043 1603 2115 1640 de-

258 1678 491 1717 monstrem;
537 1679 617 1707 tum
654 1669 685 1706 si
728 1668 778 1706 ad
825 1669 1012 1722 originem
1046 1678 1084 1707 et
1126 1669 1323 1707 materiam
1366 1669 1563 1723 utriusque
1596 1671 1926 1723 comparationum
1956 1673 2112 1725 generis

257 1750 425 1793 spectaS,
457 1739 657 1793 quomodo
687 1740 881 1777 Homerus
913 1740 961 1776 ab
987 1739 1127 1777 iisdem
1165 1741 1284 1778 rebus
1323 1753 1426 1778 nunc
1462 1739 1662 1792 simplices
1696 1742 2007 1794 comparationes
2037 1752 2114 1780 tam

257 1811 380 1847 nudas
413 1826 530 1863 quam
562 1810 796 1862 expiicatas‚
835 1825 938 1847 nume
966 1810 1241 1848 similitudines
1275 1825 1417 1861 easque
1446 1809 1618 1848 diversas
1651 1810 1822 1856 duxerit,
1855 1812 2112 1849 consideran-

259 1880 353 1919 dum
386 1881 471 1920 erit.
531 1879 693 1934 Duplici
723 1891 849 1919 autem
881 1879 999 1918 modo
1038 1880 1347 1933 comparationes
1384 1880 1555 1918 minores
1592 1882 1803 1921 maioribus
1831 1883 2022 1920 immixtas
2051 1884 2114 1921 in-

258 1953 444 1990 venimus.
505 1953 583 1990 Aut
614 1953 717 1989 enim
749 1952 788 1989 in
821 1953 992 2005 protasin
1023 1950 1180 2005 periodi
1220 1953 1512 2005 comparativae,
1542 1945 1642 2006 quae
1675 1952 1837 2007 quidem
1877 1953 2114 2008 plerumque

257 2024 591 2075 comparationem
622 2023 812 2068 continet,
843 2033 907 2059 aut
937 2024 978 2059 in
1008 2021 1200 2075 apodosin
1232 2037 1332 2060 nova
1360 2025 1597 2076 comparatio
1638 2026 1765 2062 minor
1793 2024 1976 2073 infertur3
2002 2026 2112 2080 prius

258 2096 290 2131 si
321 2095 465 2132 sactum
501 2106 568 2138 est,
613 2095 821 2148 imaginem
863 2096 1029 2148 imagine
1076 2094 1188 2147 quasi
1226 2094 1485 2132 collustratam
1523 2097 1797 2149 conspicimus.
1860 2096 1972 2145 Quali
2016 2098 2113 2134 ima-

257 2167 390 2218 ginum
418 2165 695 2203 coniunctione
728 2179 848 2219 quum
887 2164 1080 2202 audientis
1119 2165 1267 2203 animus
1308 2165 1420 2204 facile
1452 2165 1638 2204 obruatur
1669 2177 1707 2204 et
1734 2167 2007 2212 confundatur,
2038 2169 2112 2205 nisi

256 2236 376 2275 altera
407 2251 478 2274 usu
507 2237 558 2273 ita
588 2238 751 2274 contrita
782 2238 891 2290 quasi
924 2247 963 2274 et
993 2237 1172 2274 hebetata
1204 2237 1264 2280 sit,
1295 2246 1336 2272 ut
1367 2249 1493 2288 prope
1526 2237 1634 2273 verbi
1665 2236 1819 2289 proprii
1850 2235 1937 2274 loco
1970 2236 2109 2274 haberi

256 2309 407 2360 possit:
430 2307 633 2345 Homerici
663 2321 800 2346 sensus
833 2307 1082 2346 subtilitatem
1114 2306 1298 2344 admirari
1331 2306 1530 2352 debemus,
1563 2306 1671 2360 quod
1689 2308 1758 2344 etsi
1776 2309 2111 2361 comparationum

257 2380 539 2418 amantissimus
568 2380 639 2417 ista
666 2379 873 2432 imaginum
906 2380 1182 2418 commixtione
1221 2380 1272 2416 ita
1298 2389 1560 2431 temperanter
1598 2389 1637 2416 et
1669 2378 1892 2431 prudenter
1921 2393 2010 2416 usus
2040 2388 2111 2424 est,

258 2461 300 2487 ut
324 2451 639 2502 quotiescunque
667 2463 805 2487 novam
836 2452 1167 2502 comparationem
1199 2450 1417 2493 immiscuit,
1447 2449 1507 2486 vel
1539 2451 1784 2488 severissimo
1815 2450 1951 2486 harum
1979 2464 2111 2487 rernm

259 2522 511 2561 existimatori
549 2521 765 2562 satisfaciat.
837 2524 896 2561 De
945 2523 1301 2577 comparationibus
1345 2523 1384 2558 in
1435 2523 1565 2560 verbis
1608 2522 1798 2576 copulatis
1841 2522 2113 2560 et-ndvetbiis

259 2591 493 2645 quibusdam
522 2593 733 2632 latentibus
779 2594 849 2645 (cf.
881 2605 982 2648 part.
1009 2596 1060 2632 11.
1091 2611 1133 2649 p.
1170 2596 1220 2634 15
1253 2593 1360 2648 sqq.)
1390 2595 1451 2631 vix
1482 2609 1579 2648 opus
1612 2606 1682 2641 est,
1713 2606 1754 2633 ut
1782 2608 1963 2633 moneam
1980 2605 2114 2633 eamn
