2360 3051
1037 322 1093 332 ..
1150 304 1220 343 21-
1266 323 1330 332 .-

262 417 310 456 11.
353 418 399 463 5,
446 417 544 465 16¹3
617 420 691 462 11,
718 414 849 464 ’3245
890 416 987 462 ’·15,·
1027 415 1135 462 323,
1171 414 1293 464 ’6905
1360 414 1583 464 issam&
1642 417 1721 458 Θᾶ.
1763 420 1813 464 5,
1855 415 1962 464 249,
2006 413 2107 459 432.

261 487 454 542 Exempla
483 486 607 526 additi
658 485 822 525 secundi
847 485 1047 525 ‘enuntiati
1072 489 1219 526 rursm
1257 485 1576 540 'varias-species
1613 486 1779 537 haben23
1844 487 1964 528 :fiodo
2002 489 2108 527 enim

262 560 500 600 enuntiatum
527 556 628 596 illud
656 557 890 611 pronomine
919 556 1079 596 relativo
1108 557 1184 597 'aut
1208 555 1402 610 particula
1430 555 1560 611 aliqua
1584 555 1741 596 relativa
1772 569 1812 597 ut
1840 554 1929 607 ὅτε,
1960 555 2108 604 ὁπότε,

261 627 373 671 ml*
388 628 529 669 arctius
550 628 554 634 ’
572 643 662 668 cum
697 629 881 683 primaria
927 628 1227 682 comparationis
1264 628 1455 666 sententia
1494 628 1767 675 coniunctum,
1816 629 1936 669 modo‘
1974 629 2108 683 aliqua

260 701 452 757 particula
495 700 758 740 connectendi
799 710 843 738 ut
879 712 954 752 τε,
992 695 1060 751 δέ,
1102 694 1151 738 δέ
1177 711 1247 748 τε,
1278 697 1381 753 γάρ,
1427 694 1513 753 ἄρα
1536 699 1677 738 leviter
1723 699 1916 738 adnexum
1956 702 2110 739 inveni-

261 785 335 811 tur.
405 773 525 811 onius
564 771 757 810 ⁴varietatis
796 771 973 823 exempla
1019 771 1202 824 quoniam
1241 776 1369 823 supra‘
1396 770 1744 823 nonnulla-eaque
1776 771 1898 823 plena
1928 773 2106 824 apposui,

261 844 312 884 ad
348 844 390 884 id
423 843 532 899 quod
559 858 665 883 nunc
704 841 880 882 volumus
910 842 1000 880 satis
1030 843 1120 887 erit,
1153 841 1419 895 exemplorum
1449 842 1611 881 cuiusvis
1639 842 1794 895 generis
1829 842 1982 896 copiam
2012 841 2109 881 locis

260 913 437 955 indicatis
473 928 707 969 proponere.
779 913 1027 950 Enuntiatum
1067 914 1144 964 ope
1177 913 1421 964 pronominis
1457 912 1607 951 relativi
1645 912 1820 951 additum
1859 923 1918 950 est
1956 913 2001 949 ΙΙ.
2040 913 2107 959 13,

261 986 369 1035 3895
397 986 468 1032 15,
499 984 610 1032 4105
647 983 709 1029 16,
741 983 837 1031 5895
867 984 935 1029 22,
967 984 1062 1030 3175
1094 985 1160 1029 23,
1191 981 1287 1029 4315
1317 983 1394 1021 Od.
1424 982 1451 1022 4
1482 985 1585 1031 3555
1616 983 1654 1029 9,
1687 985 1783 1031 3225
1804 984 1865 1021 his
1895 983 2012 1028 adde,
2053 983 2107 1021 de

262 1056 404 1110 quibus
432 1071 551 1108 supra
572 1055 717 1094 dictum
758 1067 816 1093 est
843 1054 887 1092 Il.
922 1055 994 1100 17,
1030 1055 1130 1102 157,
1171 1052 1269 1093 434.
1326 1054 1528 1093 particulis
1568 1055 1733 1093 relativis
1779 1054 1946 1093 alterum
1983 1067 2109 1092 cnun-

260 1128 395 1166 tintum
425 1127 676 1165 coniunctum
707 1137 765 1164 est
790 1125 836 1163 Il.
869 1128 908 1171 2,
939 1122 1046 1172 4745
1073 1124 1113 1171 4,
1148 1125 1249 1173 1305
1284 1127 1347 1172 15,
1378 1126 1485 1174 3585
1516 1128 1580 1171 18,
1610 1127 1707 1172 219,
1729 1127 1834 1172 600,
1862 1125 1939 1163 Od.
1955 1124 1994 1175 4,
2010 1125 2106 1165 791.

257 1199 416 1236 Restant
447 1195 626 1250 exempla
654 1196 987 1249 comparationum
1018 1195 1171 1233 duobus
1193 1196 1297 1233 iuxta
1317 1197 1453 1249 positis
1473 1198 1676 1235 enuntiatis
1695 1196 1984 1251 explicatu-um,
2011 1211 2107 1250 quas

259 1280 302 1308 ut
338 1268 653 1322 explicatissimas
692 1269 823 1322 potius
864 1267 1060 1321 simplices
1096 1267 1407 1320 comparationes
1456 1282 1571 1321 quam
1616 1267 1887 1306 similitudines
1928 1267 2107 1313 habeam,

258 1351 424 1393 propter
450 1349 720 1392 argumentum
753 1340 909 1392 imagini
950 1338 1228 1392 exprimendae
1259 1351 1339 1375 non
1368 1337 1705 1376 accommodatum
1735 1338 1923 1378 adducor.
1983 1338 2108 1376 Parti-

260 1409 346 1448 cula
376 1422 425 1447 τε
452 1409 648 1446 adnexum
672 1411 909 1446 enuntiatum
939 1410 1059 1446 habet
1091 1410 1340 1462 comparatio,
1372 1423 1472 1460 quae
1506 1419 1565 1446 est
1595 1408 1670 1448 Od.
1691 1411 1759 1454 20,
1780 1409 1843 1446 13.
1905 1410 1949 1445 In
1981 1408 2106 1461 pluri-

254 1479 328 1516 bus
354 1479 551 1517 invenitur
581 1477 770 1530 particula
801 1473 859 1528 δέ,
891 1479 944 1516 sic
974 1478 1021 1516 Il.
1056 1482 1120 1527 11,
1152 1478 1230 1526 625
1266 1482 1327 1524 12,
1359 1477 1463 1527 4515
1491 1480 1558 1525 23,
1589 1478 1692 1527 6925
1725 1479 1803 1516 Od.
1836 1480 1873 1525 5,
1905 1480 2010 1527 3285
2033 1481 2102 1524 20,

257 1547 326 1587 25.
395 1546 606 1585 Particulas
638 1542 684 1586 δέ
713 1560 761 1585 τε
801 1549 1026 1587 coniunctas
1056 1548 1179 1587 habes
1210 1549 1254 1587 Il.
1289 1547 1353 1596 16,
1394 1548 1496 1597 6335
1535 1550 1590 1590 23
1631 1550 1736 1597 2225
1772 1549 1839 1595 23,
1870 1546 1968 1595 845,
2007 1547 2105 1591 845.

255 1617 419 1656 Duobus
434 1617 531 1656 locis
558 1618 772 1671 particulae
803 1617 882 1673 γάρ
901 1631 950 1657 τε
978 1620 1172 1658 enuntiata
1202 1620 1442 1674 coniungunt
1470 1619 1548 1661 Od.
1580 1620 1619 1666 9,
1651 1620 1731 1660 391
1767 1629 1807 1658 et
1836 1619 1879 1657 Il.
1915 1621 1979 1666 10,
2009 1619 2107 1664 351,

258 1702 357 1741 quae
389 1691 627 1741 comparatio
658 1689 731 1727 hac
769 1689 929 1742 quidem
970 1689 1196 1741 explicativa
1227 1701 1266 1728 et
1293 1696 1442 1744 'pr'ope'
1461 1691 1735 1743 parenthetica
1765 1691 1957 1728 sententia
1984 1691 2108 1727 maior

258 1770 315 1795 est
345 1774 461 1810 quam
504 1759 637 1794 similis
675 1761 911 1809 comparatio
953 1760 1125 1795 eiusdem
1160 1762 1375 1810 argumenti
1413 1760 1492 1794 Od.
1524 1762 1562 1803 S,
1595 1760 1689 1804 126,
1719 1759 1789 1795 sed
1820 1759 1942 1795 nihilo
1974 1770 2106 1796 tamen

256 1829 381 1866 minus
399 1845 551 1867 averae
583 1828 845 1867 similitudinis
877 1842 1011 1867 natura
1037 1828 1152 1881 longe
1185 1831 1305 1870 abest.
1363 1829 1476 1867 Idem
1506 1830 1608 1868 valet
1631 1830 1681 1868 de
1705 1832 1993 1883 comparatione
2024 1831 2102 1869 Od.

261 1899 324 1945 10,
365 1896 464 1941 216.
494 1897 711 1938 Particulae
743 1892 828 1953 ἄρα
860 1897 1083 1953 exemplum
1114 1909 1172 1939 est
1199 1898 1246 1939 ll.
1278 1900 1345 1956 22,
1377 1898 1471 1941 199.

400 1970 446 2007 In
475 1969 553 2009 fine
595 1969 707 2009 huius
749 1968 1022 2025 disputationis
1061 1984 1177 2009 unam
1224 1970 1353 2025 adhuc
1393 1973 1726 2029 comparationem
1766 1972 1963 2013 coronidis
2012 1972 2102 2014 loco

256 2055 461 2095 apponere
493 2052 531 2078 et
560 2043 782 2079 examinare
809 2056 830 2079 a
859 2056 903 2079 re
933 2056 1013 2080 non
1042 2041 1213 2080 alienum
1242 2044 1408 2091 videtur,
1440 2061 1556 2100 quam
1589 2061 1708 2101 quum
1738 2056 1902 2101 propter
1939 2047 2101 2084 formam

254 2113 448 2151 insolitam
476 2112 574 2150 nulli
600 2113 665 2150 alii
695 2115 832 2166 generi
863 2115 1059 2152 subiicere
1099 2116 1314 2167 potuerim,
1353 2117 1430 2154 hoc
1460 2117 1550 2155 loco
1592 2118 1808 2171 singulatim
1854 2117 2102 2156 considerare

255 2194 423 2236 oportet.
484 2184 554 2223 Est
589 2194 718 2223 autem
752 2184 849 2223 haec
888 2181 963 2223 Od.
1012 2185 1061 2232 δ,
1099 2184 1199 2231 162,
1236 2200 1313 2238 quo
1355 2185 1443 2226 loco
1486 2186 1647 2241 Ulysses
1697 2189 1922 2228 Nausicaam
1966 2204 2098 2227 seeum

252 2253 380 2307 primo
413 2269 656 2309 congressam
687 2254 831 2293 blanda
864 2254 1073 2299 etcallida
1104 2256 1278 2295 oratione
1310 2256 1386 2294 sibi
1413 2253 1688 2298 conciliaturus
1726 2260 1797 2298 hae
1835 2259 1953 2298 utitur
1992 2272 2100 2298 com-

252 2325 475 2378 paratione:

479 2392 603 2447 Δήλῳ
633 2391 685 2440 δή
710 2409 815 2435 ποτε
844 2397 966 2436 τοῖον
984 2396 1247 2442 ’Λπόλλωνος
1271 2394 1389 2450 παρὰ
1416 2396 1541 2452 βωμῷ

482 2461 672 2521 φοίνικος
704 2463 797 2506 νέον
822 2463 937 2522 ἔρνος
966 2467 1250 2524 ἀνερχόμενον
1275 2464 1434 2513 ἐνόησα
1462 2489 1515 2497 -

480 2529 616 2580 ἦλθον
644 2533 724 2590 γὰρ
747 2533 822 2575 καὶ
848 2538 974 2588 κεῖσε,
1005 2536 1137 2583 πολὺς
1161 2533 1219 2577 δέ·
1234 2546 1315 2589 μοι’
1337 2532 1496 2578 ἕάπετο
1524 2537 1631 2585 λαὸς

383 2602 385 2604 ’
449 2602 557 2648 ’τὴν
587 2599 702 2653 ὁδόν,
732 2600 764 2661 ᾗ
789 2602 841 2652 δὴ
871 2598 1042 2659 ἔμελλεν
1076 2604 1170 2659 ἐμοὶ
1199 2607 1309 2648 notui&
1329 2605 1451 2656 ’κήδε’
1476 2605 1661 2650 ἔσὲὰθαι
1701 2632 1754 2641 «-
