2360 3051
1070 287 1357 328 ...37-

282 409 349 441 rea
378 400 615 456 plerumque
640 399 780 439 iisdem
794 400 928 439 verbis
940 399 1209 440 describeret:
1237 401 1271 439 ia
1300 413 1392 439 sane
1423 400 1609 439 variatam
1625 402 1842 441 orationem
1862 386 1912 441 *iu
1928 414 2131 456 compara·

283 472 455 511 tionibus
486 470 720 525 praesertim
747 470 965 509 minoribus
994 472 1108 510 anxie
1140 484 1335 526 quaerere
1356 476 1488 526 'neque
1518 470 1655 511 debuit
1684 482 1723 511 et
1751 487 1801 512 ne
1819 472 1941 513 voluit
1955 472 2133 529 quidem,

285 540 928 597 quandoquidem'probatissimas
957 556 1134 596 quasque
1165 553 1206 581 et
1235 544 1354 581 certis
1382 543 1502 580 rebus
1518 543 1788 581 hominibusve
1817 544 2129 583 accommodatis

285 612 597 669 comparationes
638 612 682 652 in
717 610 903 654 formulas
933 613 1044 668 quasi
1080 612 1222 654 abiisse
1263 611 1481 668 putandum
1512 622 1572 653 est
1600 612 1741 654 eodem
1771 612 1856 654 sere
1891 613 2023 663 modo,
2051 629 2131 669 quo

285 695 390 724 certa
417 683 612 739 quaedam
641 684 813 738 epitheta
838 697 902 723 res
933 699 1099 738 quarum
1127 694 1306 724 naturam
1336 684 1539 725 declarant
1567 694 1764 739 perpetuo
1784 685 2001 725 comitantia
2019 685 2126 739 apud

287 754 461 794 eundem
490 764 649 808 poetam
676 756 939 793 inveniuntur.
969 792 972 794 ,
1000 755 1079 802 Sic,
1117 765 1160 793 ut
1187 755 1335 811 singula
1369 755 1546 811 exempla
1576 755 1789 810 proferam,
1821 757 2130 810 comparationes

284 825 604 878 simplicissimae,
635 824 734 870 Saos
761 821 826 873 ὥς,
855 822 1032 877 δαίμονι
1058 821 1163 872 ἶσος,
1189 824 1347 879 θεόφιν
1372 826 1546 880 μήστωρ
1570 822 1828 870 ἀτάλαντος,
1874 821 1968 869 ἶσος
1995 821 2134 878 ”Αρηῖ,

286 890 380 941 ἶσος
409 894 552 951 α’έλλῃ,
583 894 713 950 φλογὶ
744 895 922 945 εἴκελος,
962 894 1061 950 θηρὶ
1093 893 1233 941 εὀικῶς
1274 908 1312 935 et
1340 896 1477 935 multas
1512 896 1656 934 similes
1693 911 1821 949 prope
1848 896 2130 934 adiectivorum

283 965 373 1006 loco
404 967 629 1022 ubicunque
660 978 871 1007 occurrunt
900 966 1039 1017 iisdem
1054 967 1173 1007 rebus
1203 976 1243 1007 et
1270 966 1449 1022 personis
1476 965 1557 1006 sere
1586 966 1784 1006 attributas
1813 965 2001 1006 videmus.
2061 966 2131 1005 At-

287 1053 363 1091 que
392 1039 498 1077 hunc
526 1039 667 1076 iisdem
681 1040 812 1078 verbis
842 1041 1052 1093 repetitum
1080 1040 1218 1077 harum
1249 1038 1511 1092 similiumque
1540 1039 1871 1092 comparationum
1898 1051 2007 1076 usum
2039 1038 2126 1092 quis

285 1110 405 1163 magis
447 1125 494 1148 ex
535 1111 666 1164 inopia
702 1110 871 1164 quadam
913 1111 1125 1150 verborum
1170 1121 1210 1148 et
1237 1111 1489 1155 locutionum,
1531 1124 1646 1162 quam
1679 1123 1727 1146 ex
1756 1110 2001 1162 simplicitate
2031 1110 2130 1147 vitae

289 1189 328 1217 et
356 1181 528 1233 ipsarum
542 1183 873 1234 comparationum
902 1181 1159 1221 derivandam
1184 1196 1270 1220 esse
1294 1180 1439 1222 credat.
1471 1195 1589 1235 quum
1606 1181 1683 1218 iam
1707 1181 1748 1217 in
1766 1179 2006 1233 simplicibus
2024 1194 2130 1218 com-

284 1266 379 1304 para
397 1252 407 1261 ”
432 1252 549 1299 pibus
590 1251 906 1305 explicatioribus
936 1253 1084 1292 nedum
1113 1255 1156 1291 in
1186 1252 1504 1291 similitudinibus
1535 1266 1721 1290 summam
1754 1242 1937 1289 orationis
1968 1252 2132 1289 varieta-

284 1331 382 1360 tem·
465 1323 683 1362 ubertatem
715 1322 899 1363 admirari
943 1323 1184 1364 debeamus?
1241 1323 1420 1364 Eandem
1450 1324 1501 1364 ob
1533 1338 1684 1363 causam
1710 1323 1935 1362 iteratarum
1965 1336 2125 1376 compa-

283 1394 475 1430 rationum
504 1395 694 1432 maiorum
723 1408 924 1448 perpauca
950 1395 1075 1434 solum
1122 1396 1302 1450 exempla
1345 1405 1572 1443 occurrunt,
1619 1408 1719 1448 quae
1765 1407 1834 1432 suo
1876 1393 1964 1432 loco
1998 1394 2127 1431 omnia

281 1477 331 1500 ex
362 1464 573 1502 Homerico
603 1479 675 1502 usu
705 1465 903 1517 explicare
936 1467 1121 1504 conabor.
1181 1469 1295 1505 Nunc
1325 1467 1422 1503 mihi
1462 1480 1550 1504 cum
1580 1464 1821 1519 simplicibus
1851 1478 1913 1501 res
1940 1474 2008 1510 est,
2040 1464 2128 1517 qui-

278 1533 353 1572 bus
385 1535 607 1575 etiam.hoc
639 1536 853 1589 *proprium
883 1548 961 1583 est,
993 1548 1037 1575 ut
1075 1553 1176 1590 quae
1205 1552 1338 1575 earum
1377 1538 1542 1574 maxime
1577 1537 1765 1588 probatae
1797 1546 1835 1573 et
1862 1536 2129 1588 frequentatae

279 1604 458 1652 fuerunt,
503 1606 911 1660 metaphoricum
950 1622 1088 1646 usum
1123 1606 1367 1656 admiserint3
1409 1607 1517 1646 cuius
1556 1606 1664 1660 origo
1706 1616 1746 1645 ct
1773 1616 1909 1644 natura
1945 1605 2131 1658 quoniam

279 1677 415 1728 partic.
467 1676 505 1712 11
541 1690 583 1728 p.
625 1679 650 1715 7
691 1691 748 1729 sq.
795 1678 883 1715 satis
935 1677 1064 1715 multis
1117 1678 1317 1730 ex'plicata·
1358 1677 1487 1715 videri
1533 1686 1681 1729 potest,
1736 1676 1814 1714 hoc
1861 1674 1951 1713 loco
2001 1688 2122 1727 quae-

280 1744 447 1784 rendum
472 1755 604 1792 restat,
630 1760 745 1799 quam
775 1746 991 1800 divulgatus
1020 1748 1070 1785 sit
1107 1748 1180 1785 iste
1218 1747 1537 1800 metaphorarum
1577 1760 1666 1784 usus
1706 1746 1744 1783 in
1793 1744 1955 1784 Homeri
1984 1745 2124 1782 carmi-

279 1818 416 1862 nibus,
447 1830 629 1870 quaeque
658 1817 755 1854 ratio
786 1817 892 1855 inter
922 1817 1110 1870 quasdam
1138 1818 1384 1872 metaphoras
1414 1828 1453 1856 et
1472 1818 1782 1869 comparationes
1811 1817 1858 1854 ab
1891 1814 2031 1854 iisdem
2060 1829 2126 1852 re-

278 1887 354 1926 bus
387 1897 530 1925 sumtas
561 1886 816 1943 intercedatgv
861 1888 1032 1925 Primum
1073 1887 1180 1941 quod
1209 1889 1364 1933 attinet,
1410 1886 1616 1940 equidem,
1648 1897 1854 1940 postquam
1882 1900 2015 1924 omnes
2044 1899 2127 1922 me-

282 1957 464 2011 taphoras
484 1959 488 1963 ’
508 1957 732 1995 Homericas
776 1956 917 1995 eodem
962 1957 1081 1996 modo
1128 1973 1207 2013 quo
1249 1960 1562 2012 comparationes
1601 1959 1672 1996 sub
1717 1972 1838 1995 unum
1875 1966 2127 2010 conspectum

279 2029 409 2082 posui,
437 2030 481 2066 in
495 2029 718 2067 universum
736 2028 978 2067 contendere
1008 2042 1089 2068 non
1121 2028 1278 2076 dubito,
1317 2044 1436 2083 parce
1474 2028 1686 2068 admodum
1728 2039 1766 2066 et
1789 2029 1914 2066 minus
1944 2026 2128 2065 audacter

281 2100 524 2153 metaphoris
559 2100 774 2139 Homerum
807 2115 917 2139 usum
950 2115 1050 2148 esse,
1081 2103 1114 2140 si
1153 2102 1417 2155 posteriorum
1456 2111 1660 2155 poetarum
1698 2099 1908 2154 largiorem
1946 2098 2126 2137 audacio-

281 2186 448 2226 remque
479 2186 609 2210 earum
639 2186 749 2210 usum
780 2173 980 2225 respicias.
1042 2171 1158 2220 Quod
1175 2171 1354 2225 profecto
1385 2175 1502 2211 nemo
1521 2172 1736 2217 mirabitur,
1767 2171 1846 2224 qui,
1878 2183 1976 2222 quae
2005 2167 2124 2207 modo

285 2242 336 2280 de
365 2243 598 2294 praestantia
639 2243 868 2280 Homericae
906 2244 1040 2281 aetatis
1071 2244 1113 2280 in
1144 2243 1499 2294 comparationibus
1539 2257 1586 2280 ex
1616 2244 1736 2295 ipsius
1765 2252 1924 2278 naturae
1954 2238 2123 2277 fontibus

282 2311 508 2350 hauriendis
523 2313 754 2358 monuimus,
780 2313 1013 2352 meminerit.
1072 2313 1130 2351 Ex
1148 2313 1286 2352 eadem
1313 2328 1439 2360 causa,
1472 2329 1542 2353 cur
1561 2314 1866 2368 comparationes
1885 2321 1922 2349 et
1935 2310 2124 2364 frequen-

284 2392 384 2421 tatae
425 2392 466 2421 et
494 2383 651 2420 iteratae
686 2382 790 2420 illius
829 2384 960 2421 aetatis
999 2383 1222 2422 hominibus
1253 2383 1497 2437 placuerint,
1536 2384 1847 2437 metaphorarum
1870 2396 2009 2435 parvus
2050 2395 2124 2419 nu-

281 2455 415 2490 merus
450 2454 492 2490 in
524 2466 632 2491 usum
662 2452 860 2505 vulgarem
880 2456 1071 2506 'receptus
1103 2469 1189 2493 esse
1220 2455 1383 2493 videtur.
1443 2455 1583 2506 Neque
1603 2456 1654 2491 ita
1681 2453 1801 2491 multa
1831 2452 2010 2504 exempla
2039 2466 2123 2489 mc·

284 2521 537 2577 taphorarum
566 2532 666 2571 suut,
696 2535 799 2577 quae
826 2537 907 2564 non
932 2522 1047 2564 simul
1075 2523 1197 2579 idque
1226 2524 1472 2580 frequentius
1496 2525 1826 2579 comparationum
1855 2526 1941 2564 vice
1965 2524 2128 2579 fungan-

284 2594 360 2631 tu'r.
427 2594 601 2642 Quarum
614 2606 828 2648 paucarum
856 2595 967 2650 origo
991 2595 1302 2650 metaphorarum
1326 2604 1370 2634 ut
1398 2609 1446 2634 ex
1468 2596 1590 2635 aetate
1607 2595 1855 2635 Homericam
1875 2593 2127 2635 antecedenti
