2360 3051
1069 275 1355 314 —m—

649 383 700 430 ὁς
725 380 768 425 δ’
796 381 867 425 ὅτ’
894 380 1072 439 ἀριζήλη
1101 386 1232 443 φωνή,
1261 383 1336 425 ὅτε
1363 385 1406 424 τ’
1436 387 1540 439 laxe
1564 381 1751 438 σάλπιγξ

647 439 767 491 ἄστυ
794 450 1109 508 περιπλομένων
1138 444 1322 500 δὴΐον”
1293 456 1378 492 vm
1405 449 1753 507 θυμοραϊστέων.
1801 492 1807 496 .

649 516 701 567 ὃς
726 519 823 561 τότ’
854 520 1032 577 ἀριζήλη
1063 521 1181 579 φωνὴ
1206 520 1341 577 γένετ’
1368 517 1593 565 Αἱακιδαο.

270 594 493 631 Posteriore
524 593 700 631 Menelai
729 595 815 631 irati
847 596 996 631 animus
1040 595 1266 633 conditione
1297 596 1346 631 ab
1377 595 1587 632 Antilocho
1616 595 1818 649 proposita
1846 596 2040 650 mitigatus
2081 603 2124 633 et

267 678 466 704 recreatus
498 681 587 704 cum
613 680 703 703 rore
732 667 859 717 spicas
894 667 1091 704 recreanti
1124 676 1389 716 comparatur:
1598 691 1604 697 .

1202 735 1301 773 τοῖο
1330 727 1379 774 δὲ
1404 731 1544 785 Ξυμὸς

641 802 787 854 ἰάνθη,
816 799 906 851 ὡςεί
933 817 982 845 τε
1010 801 1106 860 περὶ
1137 802 1417 860 σταχύεσσιν
1445 802 1570 859 ἐέρση

645 871 789 920 ληΐου
801 871 1103 926 ἀλδήσκοντος,
1135 871 1209 915 ὅτε
1235 871 1503 932 φρίσσουσιν
1530 870 1720 930 ἄρουραι.

268 950 367 987 Nam
398 963 486 986 cum
515 948 714 985 Eustathio
745 947 910 1000 aliisque
939 948 1134 986 veteribus
1165 958 1205 985 et
1233 947 1516 986 recentioribus
1545 947 1830 1000 interpretibus
1858 948 1898 985 in
1925 950 2121 987 sententia

268 1019 527 1074 comparativa
540 1016 808 1073 supplendum
822 1032 904 1057 esse
923 1028 1017 1072 puto
1030 1012 1127 1058 ἔστι
1147 1019 1226 1057 sive
1241 1019 1442 1071 γίγνεται,
1454 1032 1501 1057 ex
1519 1033 1597 1072 quo
1617 1019 1883 1073 consequitur,
1891 1018 2119 1060 addendum

265 1088 339 1129 καὶ
365 1086 494 1128 ἰαίνει
525 1087 637 1128 αὐτὸ
667 1090 692 1127 i.
722 1104 744 1127 e
773 1086 828 1127 τὸ
859 1088 1003 1137 λήϊονς
1037 1090 1077 1127 in
1109 1104 1183 1144 qua
1210 1089 1397 1137 liberiore
1430 1089 1613 1128 orationis
1639 1089 1761 1128 forma
1789 1104 1906 1129 nemo
1934 1090 2120 1138 offendet,

268 1165 336 1215 qui
362 1163 616 1199 Homericum
648 1176 758 1198 usum
790 1162 1025 1214 cognoverit.
1085 1162 1298 1214 Koeppeni
1334 1161 1576 1214 aliorumque
1614 1161 1938 1214 interpretatione
1977 1163 2119 1199 Gram-

267 1233 428 1271 maticae
455 1233 675 1270 necessitati
706 1233 826 1284 magis
857 1247 972 1285 quam
1002 1232 1177 1284 imaginis
1215 1232 1364 1269 veritati
1404 1242 1445 1269 et
1483 1232 1754 1284 perspicuitati
1785 1232 2009 1270 consulitur.
2054 1233 2117 1271 Cf.

266 1303 312 1341 11.
343 1307 413 1350 21,
444 1306 540 1349 251,
570 1304 639 1341 ubi
669 1303 786 1341 simili
809 1303 928 1341 modo
948 1299 1137 1355 γίγνεται
1163 1302 1431 1357 supplendum
1463 1313 1531 1342 est.
1591 1302 1824 1356 Exemplum
1841 1303 2118 1351 similitudinis,

268 1376 330 1413 cui
360 1375 550 1412 sententia
581 1374 655 1412 alia
685 1374 839 1412 accedit
867 1390 944 1427 per
972 1374 1204 1427 particulam
1234 1372 1370 1412 ὁπότε
1401 1374 1565 1420 adnexa,
1593 1374 1713 1411 habes
1741 1373 1818 1414 Od.
1849 1373 1890 1421 4,
1922 1377 2023 1424 7913
2053 1376 2111 1413 ibi

263 1445 489 1499 Penelopae
521 1444 572 1483 de
604 1444 685 1483 filio
715 1446 991 1498 peregrinante
1021 1445 1228 1483 metuentis
1258 1444 1482 1484 sollicitudo
1512 1445 1565 1482 ita
1594 1443 1852 1483 describitur:

642 1511 763 1553 ὅσσα
793 1509 839 1552 δὲ
871 1509 1089 1567 μερμήριξε
1118 1512 1222 1552 λέων
1251 1506 1414 1567 ἀνδρῶν
1444 1511 1489 1553 ἐν
1520 1510 1670 1566 ὁμίλῳ,

639 1579 802 1631 δείσας,
832 1581 996 1624 ὁππότε
1026 1596 1099 1635 μιν
1131 1579 1280 1624 δόλων
1305 1581 1404 1637 ’περὶ
1432 1582 1586 1624 ὀιύκλον
1616 1580 1786 1637 ἄγωσιν·

638 1651 790 1693 τόσσα
818 1667 893 1707 μιν
924 1652 1220 1710 ὁρμαίνουσαν
1243 1652 1429 1701 ἐπήλυθε
1460 1651 1641 1708 νήδυμος
1670 1650 1812 1702 ὕπνος.

261 1725 503 1765 simillimam
518 1727 862 1778 comparationem,
880 1728 941 1765 cui
956 1726 1062 1763 aliud
1074 1728 1312 1764 enuntiatum
1325 1726 1596 1780 perparticula
1613 1720 1709 1762 εὖτε
1728 1724 1938 1769 adnexum,
1951 1725 2107 1765 accedit

264 1798 387 1836 habes
401 1796 478 1835 Od.
504 1798 570 1842 18,
591 1797 685 1837 193.
714 1797 785 1836 His
799 1808 837 1836 et
860 1798 1050 1836 similibus
1073 1798 1427 1850 comparationibus
1448 1796 1745 1835 similitudinum
1767 1812 1952 1835 numerus
1975 1798 2108 1836 finitus

261 1878 355 1914 esto,
370 1878 409 1906 et
427 1866 624 1921 quidquid
640 1868 973 1921 comparationum
999 1867 1075 1906 illis
1103 1878 1169 1906 aut
1189 1868 1311 1906 forma
1327 1878 1392 1906 aut
1413 1868 1573 1906 materia
1588 1866 1748 1906 iuferius
1776 1879 1844 1914 est,
1871 1867 1921 1906 ad
1945 1867 2114 1909 alterum

259 1942 380 1991 genus
398 1939 733 1990 comparationum
762 1937 999 1990 simplicium
1028 1936 1294 1975 reiiciendum
1324 1938 1415 1985 erit3
1442 1939 1548 1976 cuius
1572 1938 1728 1991 generis
1748 1952 1869 1991 quum
1890 1937 2108 1977 difficiliora

259 2019 298 2046 et
316 2008 436 2046 dubia
455 2008 637 2061 exempla
668 2010 743 2046 iam
774 2008 1163 2053 consideraverimus,
1183 2022 1288 2045 nunc
1318 2007 1368 2045 ad
1399 2019 1615 2046 ceterorum
1637 2010 1758 2055 varias
1777 2019 1816 2046 et
1837 2008 2014 2048 diversas
2031 2010 2114 2047 for-

263 2093 344 2116 mas
375 2080 589 2117 accuratius
622 2078 885 2131 explorandas
916 2077 1161 2117 accedamus.

374 2148 525 2197 Quodsi
564 2149 603 2185 in
643 2148 892 2203 designandis
932 2148 1176 2188 diversorum
1214 2163 1399 2203 generum
1436 2148 1577 2188 finibus
1617 2150 1704 2188 iusti
1743 2149 1908 2188 finitoris
1938 2164 2108 2189 munere

254 2222 329 2257 rite
360 2220 513 2258 functus
545 2234 643 2264 sum,
674 2232 750 2257 tam
778 2220 921 2259 multae
951 2223 1056 2259 inter
1086 2236 1126 2259 se
1155 2220 1423 2273 discrepantes
1455 2221 1764 2272 comparationes
1795 2222 1836 2258 in
1868 2219 2109 2274 simplicium

257 2300 394 2343 campo
425 2290 716 2343 relinquuntur,
747 2302 789 2329 ut
818 2307 949 2329 rursus
980 2294 1096 2330 certis
1129 2292 1316 2330 classibus
1346 2308 1408 2330 eas
1436 2292 1649 2344 disponere
1680 2298 1785 2345 opus‘
1808 2294 1869 2338 sit,
1899 2301 2112 2346 antequam

254 2360 351 2414 quid
383 2360 542 2415 singulis
574 2361 780 2415 proprium
810 2362 859 2400 sit
888 2374 1116 2416 exponatur.
1179 2363 1299 2402 Cuius
1325 2363 1383 2400 rei
1414 2363 1562 2416 primus
1598 2362 1819 2417 periculum
1860 2364 2030 2403 facturus
2067 2364 2120 2402 ut'

252 2431 456 2483 probatam
477 2431 749 2469 Grammaticis
764 2430 995 2470 divisionem
1025 2433 1315 2472 enuntiatorum
1331 2433 1565 2486 simplicium
1595 2433 1647 2472 ad
1674 2434 1985 2487 comparationes
2016 2435 2112 2473 sim-

256 2500 383 2551 plices
414 2500 706 2554 distinguendas
737 2501 977 2547 transferam,
1010 2501 1189 2556 pluribus
1217 2503 1339 2541 causis
1371 2501 1558 2540 adducor.
1616 2504 1774 2542 'Etenim
1803 2518 1919 2557 qnam
1964 2517 2108 2558 cogna-

256 2565 403 2609 tionem
430 2587 546 2624 supra
576 2573 616 2610 in
647 2569 940 2611 similitudinum
970 2585 1007 2612 et
1036 2572 1296 2627 periodorum
1326 2574 1471 2611 ambitu
1498 2584 1535 2612 et
1564 2574 1697 2613 natura
1727 2574 1992 2628 cogno'vim'us,
2019 2578 2109 2613 eam
