2360 3051
1021 287 1096 316 -.
1140 288 1194 328 δι
1258 307 1311 317 -
1507 252 1556 289 N

253 403 311 443 Ita
339 400 568 457 Spitznerus
612 400 804 442 librorum
839 401 919 442 fide
953 412 994 452 et
1020 400 1210 441 Emathii
1246 401 1474 441 auctoritate
1504 400 1626 441 fretus
1655 401 1825 456 scripsit,
1857 415 2096 457 quamquam

252 476 504 514 Buttmannus
535 473 604 523 (cf.
629 472 801 527 Lexilog.
832 473 882 510 Π.
912 488 951 527 p.
982 471 1084 522 229)
1108 472 1247 512 eodem
1263 486 1380 512 sensu
1408 467 1509 517 ηὖτε
1536 472 1669 512 maluit
1700 484 1739 512 et
1755 471 1926 514 Wolfius
1947 472 2095 528 aliique

254 560 343 584 cum
371 544 597 582 Aristarcho
626 539 731 581 αὖτε
759 554 1015 597 receperunt.
1073 543 1191 592 Quod
1221 544 1368 581 etiamsi
1396 543 1585 596 particula
1611 538 1714 580 αὖτε
1746 558 1826 582 non
1850 545 1902 581 ita
1930 557 2094 598 prorsus

253 617 377 656 otiosa
415 626 454 653 et
482 631 504 653 a
540 626 621 655 toto
657 616 936 654 sententiarum
979 630 1082 653 nexu
1130 614 1257 653 aliena
1286 617 1352 661 sit,
1403 626 1533 652 tamen
1578 614 1764 668 equidem
1811 615 1872 654 vel
1926 626 2096 669 propter

253 685 453 726 audaciam
481 686 734 740 metaphorae
765 686 856 726 alias
895 685 1002 740 apud
1037 687 1251 726 Homerum
1288 686 1482 725 insolitam
1521 687 1715 740 Spitzneri
1740 686 1945 725 lectionem
1976 701 2097 741 prae-

252 758 396 805 feram,
435 757 631 812 siquidem
662 772 779 797 nemo
825 757 1064 797 Scholiastae
1110 757 1262 797 cuidam
1296 756 1448 804 credat,
1482 758 1662 797 omissam
1692 756 1923 812 particulam
1959 758 2097 797 simili-

255 828 401 869 tudinis
426 828 799 884 subintelligendam
830 844 936 878 esse3
966 843 1067 883 quac
1096 829 1255 869 audacia
1286 845 1407 885 quum
1437 831 1550 869 etiam
1585 831 1707 869 maior
1737 830 1797 877 sit,
1829 844 1946 884 quam
1974 830 2096 884 ipsius

253 902 522 956 metaphorae,
552 902 592 940 in
621 902 914 955 comparatione
935 902 1146 940 Homerico
1176 902 1329 955 ingenio
1363 912 1403 941 et
1430 904 1515 941 usui
1556 901 1908 940 accommodatior-e
1937 903 2098 955 acquie-

253 987 418 1020 scamus,
446 974 554 1012 cuius
570 987 725 1011 sensum
747 974 943 1026 explicant
972 987 1071 1026 quae
1101 984 1318 1026 sequuntur
1345 975 1688 1027 comparationem,
1719 968 1830 1024 ἄειρε
1846 967 1893 1011 δὲ
1912 971 2098 1024 ποιμένα

252 1042 388 1083 λαῶνι
419 1059 537 1092 arma,
564 1060 654 1084 nam
668 1044 772 1083 aliud
785 1045 999 1084 subiectum
1023 1044 1180 1097 cogitari
1210 1044 1358 1097 nequit,
1386 1043 1531 1082 Achilli
1548 1043 1772 1082 facillimum
1795 1054 1947 1082 artuum
1986 1057 2098 1082 usum

254 1115 537 1167 permittebant
567 1126 607 1154 et
636 1126 678 1153 ut
699 1130 856 1169 pennae
887 1130 998 1155 avem
1033 1129 1187 1153 sursum
1225 1113 1380 1153 elevant
1417 1125 1455 1153 et
1487 1113 1601 1153 facile
1633 1128 1706 1166 per
1731 1128 1840 1152 auras
1870 1113 2012 1160 ferunt,
2044 1114 2098 1151 ita

253 1184 373 1223 heros
415 1186 531 1223 armis
563 1185 701 1224 divinis
731 1185 889 1225 indutus
929 1186 1095 1225 sublime
1137 1185 1236 1224 ferri
1275 1186 1375 1223 visus
1415 1195 1484 1223 est.
1542 1184 1773 1237 Metaphora
1813 1195 1952 1232 autem,
1979 1198 2099 1239 quam

252 1255 372 1293 modo
403 1257 445 1293 in
485 1257 721 1295 substantivo
753 1258 951 1309 aspernati
982 1271 1138 1302 sumus,
1170 1271 1218 1295 eo
1250 1256 1435 1295 audacior
1463 1255 1568 1294 redit
1598 1256 1638 1292 in
1680 1255 1872 1294 adiectivo
1908 1253 2100 1309 πτερόεις

256 1335 296 1362 et
320 1324 450 1362 verbis
482 1325 670 1379 copulatis
701 1320 882 1380 ἄπτερος
914 1337 953 1365 et
979 1324 1275 1381 χρυσόπτερος
1306 1326 1449 1366 eodem
1486 1326 1569 1364 sere
1609 1325 1727 1364 modo
1772 1326 1823 1364 de
1859 1341 1938 1379 quo
1966 1340 2098 1378 supra,

254 1395 323 1432 ubi
351 1394 404 1434 dc
436 1394 618 1435 derivatis
649 1407 688 1435 et
712 1396 900 1450 copulatis
931 1413 1000 1438 av.
1017 1395 1120 1443 θεός
1146 1412 1272 1437 sermo
1291 1398 1374 1447 fuit,
1403 1399 1639 1437 monuimus.
1674 1398 1735 1438 Cf.
1758 1395 1962 1438 VVelckeri
1990 1410 2098 1435 com-

243 1476 366 1508 ment.
397 1466 446 1505 de
476 1482 509 1505 v.
527 1465 820 1522 χρυσόπτερος
848 1469 889 1506 in
916 1483 1011 1508 mus.
1034 1469 1157 1508 Rhen.
1181 1479 1274 1508 tom.
1287 1466 1325 1507 6.
1340 1483 1379 1521 p.
1398 1469 1492 1510 581.
1524 1469 1627 1516 Quin
1644 1468 1759 1507 etiam
1782 1468 1822 1505 in
1834 1468 1955 1507 verbo
1973 1464 2097 1506 πέτε-

250 1535 362 1573 σθαι
389 1536 625 1590 plerumque
655 1539 880 1591 metaphora
910 1539 1062 1576 evanuit
1090 1549 1127 1576 et
1156 1539 1358 1593 singularis
1388 1539 1597 1579 celeritatis
1614 1540 1764 1577 notioni
1796 1539 1927 1585 cessit,
1958 1553 2096 1591 quam-

252 1620 368 1660 quam
399 1605 632 1660 quibusdam
661 1607 758 1647 locis
790 1609 840 1648 ad
865 1611 1065 1663 propriam
1106 1610 1292 1649 volitandi
1328 1611 1530 1649 notionem
1569 1609 1861 1649 recurrendum
1905 1622 1974 1649 est.

368 1675 518 1725 Quodsi
537 1692 642 1717 nunc
667 1680 809 1732 pennis
831 1679 1050 1718 Homericis
1072 1680 1251 1721 instructi
1278 1682 1319 1719 in
1340 1679 1496 1720 coelum
1526 1680 1730 1727 avolamus,
1753 1696 1804 1720 ne
1835 1681 1876 1719 in
1906 1681 1980 1720 bac
2011 1682 2100 1736 qui-

252 1746 345 1784 dem
373 1749 532 1800 regione
561 1748 681 1786 multo
711 1750 826 1801 plura
855 1751 1146 1789 translationum
1174 1751 1288 1789 simul
1319 1761 1357 1789 et
1387 1752 1717 1804 comparationum
1753 1751 1931 1804 exempla
1974 1751 2102 1789 offen-

254 1817 393 1856 dimus.
438 1819 473 1856 A
502 1820 635 1858 nube
671 1820 893 1867 ordiamur,
936 1837 1012 1875 qua
1037 1822 1306 1875 metaphorice
1333 1821 1447 1860 simul
1473 1833 1512 1860 et
1540 1821 1589 1859 ad
1619 1822 1924 1876 comparandum
1954 1821 2101 1860 eodem

252 1888 347 1928 loco.
373 1890 585 1929 Homerum
614 1907 726 1929 usum
758 1908 844 1932 esse
869 1909 985 1946 supra
1015 1909 1054 1946 p.
1084 1895 1142 1934 28
1171 1894 1247 1931 iam
1274 1893 1542 1933 indicavimus.
1598 1895 1805 1933 Praeterea
1833 1895 1982 1933 nubem
2010 1908 2100 1931 me·

253 1959 455 2012 taphorice
495 1971 717 2014 usurpatam
755 1961 878 2001 habes
918 1962 963 2001 ll.
1004 1961 1071 2010 16,
1100 1962 1156 2004 66
1190 1961 1381 2013 (κυάνεον
1418 1960 1564 2016 Τρώων
1593 1960 1747 2018 νέφος),
1786 1979 1902 2019 quam
1932 1964 2098 2003 eandem

253 2030 522 2083 metaphoram
540 2030 584 2068 11.
619 2034 682 2077 17,
715 2033 797 2073 755
821 2032 920 2070 adeo
943 2034 1079 2070 maiori
1102 2035 1384 2088 comparationi
1412 2036 1626 2073 immixtam
1655 2037 1894 2085 invenimus3
1925 2035 1974 2074 ad
2003 2034 2100 2073 alle-

253 2101 402 2153 goriam
430 2102 594 2154 propius
623 2101 776 2140 accedit
804 2102 978 2140 eiusdem
1008 2104 1183 2157 imaginis
1212 2119 1302 2143 usus
1330 2104 1374 2143 ll.
1406 2108 1469 2153 17,
1500 2105 1596 2154 243,
1624 2108 1690 2145 ubi
1720 2118 1794 2147 est:

478 2168 681 2223 πολέμοιο
704 2168 834 2223 νέφος
862 2170 956 2227 περὶ
985 2172 1133 2213 πάντα
1159 2172 1378 2223 καλύπτει,

256 2250 296 2278 et
323 2240 367 2279 11.
403 2244 470 2285 17,
501 2242 581 2282 591
617 2242 669 2281 de
700 2243 868 2282 Hectore
897 2256 1154 2284 memoratur:

483 2310 564 2351 τὸν
593 2308 632 2351 δ’
663 2308 791 2367 ἄχεος
820 2311 972 2368 νεφέλη
1002 2314 1185 2366 ἐκάλυψε
1214 2313 1410 2367 μέλαινα.

367 2380 431 2420 Ad
460 2380 646 2422 adiectiva
674 2398 722 2422 ex
752 2384 892 2424 eodem
917 2387 1040 2426 verbo
1072 2386 1249 2441 copulata
1277 2387 1310 2425 si
1339 2387 1661 2443 transgredimur,
1693 2404 1824 2428 rursus
1849 2387 2097 2427 liberrimum

253 2465 365 2489 usum
402 2452 711 2492 animadvertere
746 2454 850 2494 licet.
926 2457 1081 2497 Etenim
1122 2459 1161 2497 in
1191 2457 1392 2497 adieetivis
1433 2457 1680 2514 κελαινεφής
1717 2472 1755 2500 et
1797 2454 1993 2514 ἱοδνεφής
2031 2461 2100 2500 vix

256 2525 555 2576 comparationis
585 2535 649 2563 aut
678 2528 935 2580 metaphorae
963 2531 1166 2582 vestigium
1195 2529 1375 2567 relictum
1417 2542 1489 2576 est,
1518 2532 1558 2568 in
1589 2533 1697 2570 cuius
1722 2532 1854 2570 locum
1881 2532 1990 2570 notio
2023 2532 2098 2569 ob—

252 2593 443 2633 scuritatis
478 2605 519 2634 et
555 2595 731 2650 nigritiae
771 2598 965 2638 successit.
1030 2598 1112 2639 Sed
1152 2610 1279 2639 tamen
1315 2598 1422 2639 idem
1451 2611 1569 2655 poeta
1604 2602 1718 2641 nubis
1744 2602 1954 2656 imaginem
1978 2612 2018 2642 et
2046 2602 2100 2641 ad
