<?xml version="1.0" encoding="UTF-8"?>
<!DOCTYPE html PUBLIC "-//W3C//DTD XHTML 1.0 Transitional//EN"
    "http://www.w3.org/TR/xhtml1/DTD/xhtml1-transitional.dtd">
<html xmlns="http://www.w3.org/1999/xhtml" xml:lang="en" lang="en">
 <head>
  <title>
</title>
<meta http-equiv="Content-Type" content="text/html;charset=utf-8" />
  <meta name='ocr-system' content='tesseract 3.04.00' />
  <meta name='ocr-capabilities' content='ocr_page ocr_carea ocr_par ocr_line ocrx_word'/>
</head>
<body>
  <div class='ocr_page' id='page_1' title='image "4769602_0014.png"; bbox 0 0 2360 3051; ppageno 0'>
   <div class='ocr_carea' id='block_1_1' title="bbox 1053 253 1310 293">
    <p class='ocr_par' dir='ltr' id='par_1_1' title="bbox 1053 253 1310 293">
     <span class='ocr_line' id='line_1_1' title="bbox 1053 253 1310 293; baseline -0.004 -9"><span class='ocrx_word' id='word_1_1' title='bbox 1053 253 1310 293; x_wconf 77' lang='grc'>-6-</span> 
     </span>
    </p>
   </div>
   <div class='ocr_carea' id='block_1_2' title="bbox 233 365 2105 2603">
    <p class='ocr_par' dir='ltr' id='par_1_2' title="bbox 240 365 2103 1268">
     <span class='ocr_line' id='line_1_2' title="bbox 249 365 2103 421; baseline 0.001 -14"><span class='ocrx_word' id='word_1_2' title='bbox 249 370 292 407; x_wconf 85' lang='grc' dir='ltr'><strong><em>ἱιι</em></strong></span> <span class='ocrx_word' id='word_1_3' title='bbox 307 368 386 407; x_wconf 85' lang='lat' dir='ltr'>hoc</span> <span class='ocrx_word' id='word_1_4' title='bbox 402 367 532 406; x_wconf 83' lang='lat' dir='ltr'>libero</span> <span class='ocrx_word' id='word_1_5' title='bbox 547 365 825 404; x_wconf 77' lang='lat' dir='ltr'>sententiarum</span> <span class='ocrx_word' id='word_1_6' title='bbox 836 365 1006 404; x_wconf 87' lang='lat' dir='ltr'>decursu</span> <span class='ocrx_word' id='word_1_7' title='bbox 1023 376 1063 404; x_wconf 90' lang='lat' dir='ltr'>et</span> <span class='ocrx_word' id='word_1_8' title='bbox 1080 379 1127 404; x_wconf 92' lang='lat' dir='ltr'>eo</span> <span class='ocrx_word' id='word_1_9' title='bbox 1140 365 1291 413; x_wconf 80' lang='lat' dir='ltr'>ordine,</span> <span class='ocrx_word' id='word_1_10' title='bbox 1308 380 1387 420; x_wconf 88' lang='lat' dir='ltr'>quo</span> <span class='ocrx_word' id='word_1_11' title='bbox 1398 381 1465 405; x_wconf 83' lang='lat' dir='ltr'>res</span> <span class='ocrx_word' id='word_1_12' title='bbox 1481 367 1581 406; x_wconf 74' lang='lat' dir='ltr'>sicut</span> <span class='ocrx_word' id='word_1_13' title='bbox 1592 376 1721 421; x_wconf 77' lang='lat' dir='ltr'>gestae</span> <span class='ocrx_word' id='word_1_14' title='bbox 1731 365 1905 407; x_wconf 75' lang='lat' dir='ltr'>velvisae</span> <span class='ocrx_word' id='word_1_15' title='bbox 1916 379 2007 407; x_wconf 75' lang='lat' dir='ltr'>sunt</span> <span class='ocrx_word' id='word_1_16' title='bbox 2024 378 2103 408; x_wconf 70' lang='lat' dir='ltr'>tra-</span> 
     </span>
     <span class='ocr_line' id='line_1_3' title="bbox 250 436 2103 492; baseline -0.001 -12"><span class='ocrx_word' id='word_1_17' title='bbox 250 439 412 485; x_wconf 87' lang='lat' dir='ltr'>duntur,</span> <span class='ocrx_word' id='word_1_18' title='bbox 426 436 612 491; x_wconf 79' lang='lat' dir='ltr'>asyndeta</span> <span class='ocrx_word' id='word_1_19' title='bbox 627 447 666 475; x_wconf 88' lang='lat' dir='ltr'>et</span> <span class='ocrx_word' id='word_1_20' title='bbox 683 436 915 476; x_wconf 80' lang='lat' dir='ltr'>anacolutha</span> <span class='ocrx_word' id='word_1_21' title='bbox 927 451 1028 491; x_wconf 86' lang='lat' dir='ltr'>quae</span> <span class='ocrx_word' id='word_1_22' title='bbox 1053 446 1194 476; x_wconf 88' lang='lat' dir='ltr'>vocant</span> <span class='ocrx_word' id='word_1_23' title='bbox 1214 438 1326 475; x_wconf 84' lang='lat' dir='ltr'>anxie</span> <span class='ocrx_word' id='word_1_24' title='bbox 1342 438 1544 485; x_wconf 81' lang='lat' dir='ltr'>evitantur,</span> <span class='ocrx_word' id='word_1_25' title='bbox 1563 439 1682 477; x_wconf 87' lang='lat' dir='ltr'>immo</span> <span class='ocrx_word' id='word_1_26' title='bbox 1701 437 1766 478; x_wconf 86' lang='lat' dir='ltr'>hic</span> <span class='ocrx_word' id='word_1_27' title='bbox 1780 437 1862 478; x_wconf 86' lang='lat' dir='ltr'>illic</span> <span class='ocrx_word' id='word_1_28' title='bbox 1880 437 2103 492; x_wconf 74' lang='lat' dir='ltr'>prudenter</span> 
     </span>
     <span class='ocr_line' id='line_1_4' title="bbox 249 507 2102 563; baseline -0.001 -15"><span class='ocrx_word' id='word_1_29' title='bbox 249 511 415 548; x_wconf 85' lang='lat' dir='ltr'>admissa</span> <span class='ocrx_word' id='word_1_30' title='bbox 432 508 628 547; x_wconf 85' lang='lat' dir='ltr'>videntur.</span> <span class='ocrx_word' id='word_1_31' title='bbox 658 509 717 545; x_wconf 87' lang='lat' dir='ltr'>Ex</span> <span class='ocrx_word' id='word_1_32' title='bbox 733 508 808 546; x_wconf 79' lang='lat' dir='ltr'>hac</span> <span class='ocrx_word' id='word_1_33' title='bbox 825 522 923 547; x_wconf 84' lang='lat' dir='ltr'>vero</span> <span class='ocrx_word' id='word_1_34' title='bbox 935 508 1145 547; x_wconf 84' lang='lat' dir='ltr'>Homerica</span> <span class='ocrx_word' id='word_1_35' title='bbox 1158 508 1368 561; x_wconf 79' lang='lat' dir='ltr'>imaginum</span> <span class='ocrx_word' id='word_1_36' title='bbox 1392 507 1741 547; x_wconf 78' lang='lat' dir='ltr'>describendarum</span> <span class='ocrx_word' id='word_1_37' title='bbox 1762 509 1924 555; x_wconf 79' lang='lat' dir='ltr'>ratione,</span> <span class='ocrx_word' id='word_1_38' title='bbox 1946 523 2023 563; x_wconf 85' lang='lat' dir='ltr'>qua</span> <span class='ocrx_word' id='word_1_39' title='bbox 2037 509 2102 563; x_wconf 85' lang='lat' dir='ltr'>pi-</span> 
     </span>
     <span class='ocr_line' id='line_1_5' title="bbox 249 578 2099 633; baseline 0 -14"><span class='ocrx_word' id='word_1_40' title='bbox 249 592 397 619; x_wconf 86' lang='lat' dir='ltr'>ctorum</span> <span class='ocrx_word' id='word_1_41' title='bbox 409 593 519 617; x_wconf 89' lang='lat' dir='ltr'>more</span> <span class='ocrx_word' id='word_1_42' title='bbox 535 579 802 632; x_wconf 83' lang='lat' dir='ltr'>imaginationi</span> <span class='ocrx_word' id='word_1_43' title='bbox 818 581 966 633; x_wconf 84' lang='lat' dir='ltr'>optime</span> <span class='ocrx_word' id='word_1_44' title='bbox 983 578 1209 624; x_wconf 81' lang='lat' dir='ltr'><strong>consulitur,</strong></span> <span class='ocrx_word' id='word_1_45' title='bbox 1221 578 1298 616; x_wconf 85' lang='lat' dir='ltr'>hoc</span> <span class='ocrx_word' id='word_1_46' title='bbox 1313 579 1500 632; x_wconf 89' lang='lat' dir='ltr'><strong>consequi</strong></span> <span class='ocrx_word' id='word_1_47' title='bbox 1517 592 1680 618; x_wconf 86' lang='lat' dir='ltr'>necesse</span> <span class='ocrx_word' id='word_1_48' title='bbox 1701 588 1770 625; x_wconf 83' lang='lat' dir='ltr'>est,</span> <span class='ocrx_word' id='word_1_49' title='bbox 1782 578 1929 618; x_wconf 87' lang='lat' dir='ltr'>nullam</span> <span class='ocrx_word' id='word_1_50' title='bbox 1941 579 2099 619; x_wconf 87' lang='lat' dir='ltr'>omuino</span> 
     </span>
     <span class='ocr_line' id='line_1_6' title="bbox 247 647 2101 703; baseline 0 -14"><span class='ocrx_word' id='word_1_51' title='bbox 247 652 582 703; x_wconf 78' lang='lat' dir='ltr'><strong>comparationem</strong></span> <span class='ocrx_word' id='word_1_52' title='bbox 600 650 849 688; x_wconf 81' lang='lat' dir='ltr'>Homericam</span> <span class='ocrx_word' id='word_1_53' title='bbox 876 665 950 702; x_wconf 88' lang='lat' dir='ltr'>pro</span> <span class='ocrx_word' id='word_1_54' title='bbox 993 663 1081 686; x_wconf 80' lang='lat' dir='ltr'>vera</span> <span class='ocrx_word' id='word_1_55' title='bbox 1114 647 1368 686; x_wconf 83' lang='lat' dir='ltr'>similitudine</span> <span class='ocrx_word' id='word_1_56' title='bbox 1395 648 1628 695; x_wconf 83' lang='lat' dir='ltr'>habendam,</span> <span class='ocrx_word' id='word_1_57' title='bbox 1657 650 1731 688; x_wconf 89' lang='lat' dir='ltr'>nisi</span> <span class='ocrx_word' id='word_1_58' title='bbox 1760 649 1927 689; x_wconf 84' lang='lat' dir='ltr'>duorum</span> <span class='ocrx_word' id='word_1_59' title='bbox 1961 650 2101 689; x_wconf 81' lang='lat' dir='ltr'>saltem</span> 
     </span>
     <span class='ocr_line' id='line_1_7' title="bbox 247 717 2100 775; baseline 0.001 -17"><span class='ocrx_word' id='word_1_60' title='bbox 247 722 412 759; x_wconf 75' lang='lat' dir='ltr'>triumve</span> <span class='ocrx_word' id='word_1_61' title='bbox 426 722 709 759; x_wconf 88' lang='lat' dir='ltr'>enuntiatorum</span> <span class='ocrx_word' id='word_1_62' title='bbox 730 720 892 758; x_wconf 88' lang='lat' dir='ltr'>circuitu</span> <span class='ocrx_word' id='word_1_63' title='bbox 904 719 1070 759; x_wconf 83' lang='lat' dir='ltr'>finiatur.</span> <span class='ocrx_word' id='word_1_64' title='bbox 1088 717 1172 757; x_wconf 87' lang='lat' dir='ltr'>Sed</span> <span class='ocrx_word' id='word_1_65' title='bbox 1188 718 1285 758; x_wconf 81' lang='lat' dir='ltr'>haec</span> <span class='ocrx_word' id='word_1_66' title='bbox 1304 718 1369 757; x_wconf 83' lang='lat' dir='ltr'>lex</span> <span class='ocrx_word' id='word_1_67' title='bbox 1386 718 1503 758; x_wconf 89' lang='lat' dir='ltr'>modo</span> <span class='ocrx_word' id='word_1_68' title='bbox 1521 719 1571 757; x_wconf 85' lang='lat' dir='ltr'>ad</span> <span class='ocrx_word' id='word_1_69' title='bbox 1590 719 1755 759; x_wconf 87' lang='lat' dir='ltr'>formam</span> <span class='ocrx_word' id='word_1_70' title='bbox 1766 721 2100 775; x_wconf 76' lang='lat' dir='ltr'>comparationum</span> 
     </span>
     <span class='ocr_line' id='line_1_8' title="bbox 246 789 2098 847; baseline 0.001 -17"><span class='ocrx_word' id='word_1_71' title='bbox 246 793 399 841; x_wconf 78' lang='lat' dir='ltr'>attinet3</span> <span class='ocrx_word' id='word_1_72' title='bbox 424 791 520 846; x_wconf 91' lang='lat' dir='ltr'>quid</span> <span class='ocrx_word' id='word_1_73' title='bbox 540 791 651 829; x_wconf 83' lang='lat' dir='ltr'>altius</span> <span class='ocrx_word' id='word_1_74' title='bbox 668 800 872 844; x_wconf 82' lang='lat' dir='ltr'>praetcrea</span> <span class='ocrx_word' id='word_1_75' title='bbox 886 789 1119 844; x_wconf 84' lang='lat' dir='ltr'>postuletur,</span> <span class='ocrx_word' id='word_1_76' title='bbox 1136 799 1177 828; x_wconf 91' lang='lat' dir='ltr'>ut</span> <span class='ocrx_word' id='word_1_77' title='bbox 1189 791 1314 846; x_wconf 81' lang='lat' dir='ltr'>imago</span> <span class='ocrx_word' id='word_1_78' title='bbox 1337 789 1588 831; x_wconf 81' lang='lat' dir='ltr'>similitudine</span> <span class='ocrx_word' id='word_1_79' title='bbox 1605 792 1854 846; x_wconf 80' lang='lat' dir='ltr'>exprimatur,</span> <span class='ocrx_word' id='word_1_80' title='bbox 1873 807 1992 847; x_wconf 84' lang='lat' dir='ltr'>supra</span> <span class='ocrx_word' id='word_1_81' title='bbox 2007 793 2098 833; x_wconf 80' lang='lat' dir='ltr'>satis</span> 
     </span>
     <span class='ocr_line' id='line_1_9' title="bbox 244 862 2097 916; baseline 0 -16"><span class='ocrx_word' id='word_1_82' title='bbox 244 863 375 900; x_wconf 85' lang='lat' dir='ltr'>multis</span> <span class='ocrx_word' id='word_1_83' title='bbox 391 862 585 899; x_wconf 86' lang='lat' dir='ltr'>indicasse</span> <span class='ocrx_word' id='word_1_84' title='bbox 598 876 660 899; x_wconf 92' lang='lat' dir='ltr'>me</span> <span class='ocrx_word' id='word_1_85' title='bbox 673 872 783 914; x_wconf 88' lang='lat' dir='ltr'>puto.</span> <span class='ocrx_word' id='word_1_86' title='bbox 807 863 934 909; x_wconf 83' lang='lat' dir='ltr'>Quare</span> <span class='ocrx_word' id='word_1_87' title='bbox 949 863 1061 899; x_wconf 86' lang='lat' dir='ltr'>etiam</span> <span class='ocrx_word' id='word_1_88' title='bbox 1073 862 1179 914; x_wconf 91' lang='lat' dir='ltr'>apud</span> <span class='ocrx_word' id='word_1_89' title='bbox 1191 863 1402 900; x_wconf 89' lang='lat' dir='ltr'>Homerum</span> <span class='ocrx_word' id='word_1_90' title='bbox 1413 876 1491 900; x_wconf 87' lang='lat' dir='ltr'>non</span> <span class='ocrx_word' id='word_1_91' title='bbox 1506 877 1623 915; x_wconf 89' lang='lat' dir='ltr'>parva</span> <span class='ocrx_word' id='word_1_92' title='bbox 1639 863 1970 915; x_wconf 81' lang='lat' dir='ltr'>comparationum</span> <span class='ocrx_word' id='word_1_93' title='bbox 1983 863 2097 916; x_wconf 78' lang='lat' dir='ltr'>copia</span> 
     </span>
     <span class='ocr_line' id='line_1_10' title="bbox 244 932 2097 986; baseline -0.001 -14"><span class='ocrx_word' id='word_1_94' title='bbox 244 934 417 972; x_wconf 87' lang='lat' dir='ltr'>occurrit</span> <span class='ocrx_word' id='word_1_95' title='bbox 433 932 523 985; x_wconf 90' lang='lat' dir='ltr'>plus</span> <span class='ocrx_word' id='word_1_96' title='bbox 539 946 616 971; x_wconf 89' lang='lat' dir='ltr'>uno</span> <span class='ocrx_word' id='word_1_97' title='bbox 640 933 837 971; x_wconf 89' lang='lat' dir='ltr'>enuntiato</span> <span class='ocrx_word' id='word_1_98' title='bbox 867 932 1157 985; x_wconf 85' lang='lat' dir='ltr'>explicatarum‚</span> <span class='ocrx_word' id='word_1_99' title='bbox 1187 948 1286 985; x_wconf 88' lang='lat' dir='ltr'>quae</span> <span class='ocrx_word' id='word_1_100' title='bbox 1312 944 1452 979; x_wconf 90' lang='lat' dir='ltr'>tamen,</span> <span class='ocrx_word' id='word_1_101' title='bbox 1476 948 1595 986; x_wconf 91' lang='lat' dir='ltr'>quum</span> <span class='ocrx_word' id='word_1_102' title='bbox 1627 935 1819 972; x_wconf 87' lang='lat' dir='ltr'>sententia</span> <span class='ocrx_word' id='word_1_103' title='bbox 1847 933 1996 972; x_wconf 82' lang='lat' dir='ltr'>adiecta</span> <span class='ocrx_word' id='word_1_104' title='bbox 2019 934 2097 971; x_wconf 88' lang='lat' dir='ltr'>vim</span> 
     </span>
     <span class='ocr_line' id='line_1_11' title="bbox 242 1002 2096 1057; baseline -0.001 -14"><span class='ocrx_word' id='word_1_105' title='bbox 242 1005 363 1057; x_wconf 86' lang='lat' dir='ltr'>magis</span> <span class='ocrx_word' id='word_1_106' title='bbox 396 1002 664 1056; x_wconf 86' lang='lat' dir='ltr'>explicativam</span> <span class='ocrx_word' id='word_1_107' title='bbox 697 1018 814 1057; x_wconf 89' lang='lat' dir='ltr'>quam</span> <span class='ocrx_word' id='word_1_108' title='bbox 846 1003 1119 1056; x_wconf 82' lang='lat' dir='ltr'>descriptivam</span> <span class='ocrx_word' id='word_1_109' title='bbox 1149 1003 1303 1050; x_wconf 89' lang='lat' dir='ltr'>habeat,</span> <span class='ocrx_word' id='word_1_110' title='bbox 1335 1005 1382 1041; x_wconf 93' lang='lat' dir='ltr'>ab</span> <span class='ocrx_word' id='word_1_111' title='bbox 1422 1005 1573 1043; x_wconf 89' lang='lat' dir='ltr'>bonore</span> <span class='ocrx_word' id='word_1_112' title='bbox 1613 1015 1652 1043; x_wconf 84' lang='lat' dir='ltr'>et</span> <span class='ocrx_word' id='word_1_113' title='bbox 1681 1019 1843 1043; x_wconf 90' lang='lat' dir='ltr'>numero</span> <span class='ocrx_word' id='word_1_114' title='bbox 1875 1003 2096 1043; x_wconf 80' lang='lat' dir='ltr'>similitudi-</span> 
     </span>
     <span class='ocr_line' id='line_1_12' title="bbox 241 1069 2096 1129; baseline 0.001 -18"><span class='ocrx_word' id='word_1_115' title='bbox 241 1089 336 1111; x_wconf 88' lang='lat' dir='ltr'>num</span> <span class='ocrx_word' id='word_1_116' title='bbox 363 1085 477 1112; x_wconf 87' lang='lat' dir='ltr'>erunt</span> <span class='ocrx_word' id='word_1_117' title='bbox 509 1074 798 1112; x_wconf 82' lang='lat' dir='ltr'>excludendae.</span> <span class='ocrx_word' id='word_1_118' title='bbox 861 1074 978 1122; x_wconf 89' lang='lat' dir='ltr'>Quod</span> <span class='ocrx_word' id='word_1_119' title='bbox 1010 1074 1102 1111; x_wconf 88' lang='lat' dir='ltr'>dum</span> <span class='ocrx_word' id='word_1_120' title='bbox 1134 1069 1326 1126; x_wconf 65' lang='lat' dir='ltr'>exemplis</span> <span class='ocrx_word' id='word_1_121' title='bbox 1343 1075 1574 1129; x_wconf 73' lang='lat' dir='ltr'>confirmare</span> <span class='ocrx_word' id='word_1_122' title='bbox 1594 1074 1818 1128; x_wconf 85' lang='lat' dir='ltr'>adgredior,</span> <span class='ocrx_word' id='word_1_123' title='bbox 1834 1089 1959 1127; x_wconf 89' lang='lat' dir='ltr'>pauca</span> <span class='ocrx_word' id='word_1_124' title='bbox 1977 1088 2096 1127; x_wconf 84' lang='lat' dir='ltr'>quae-</span> 
     </span>
     <span class='ocr_line' id='line_1_13' title="bbox 242 1142 2097 1198; baseline -0.001 -16"><span class='ocrx_word' id='word_1_125' title='bbox 242 1143 330 1182; x_wconf 89' lang='lat' dir='ltr'>dam</span> <span class='ocrx_word' id='word_1_126' title='bbox 361 1145 413 1183; x_wconf 77' lang='lat' dir='ltr'>ita</span> <span class='ocrx_word' id='word_1_127' title='bbox 444 1144 709 1198; x_wconf 81' lang='lat' dir='ltr'>pertractabo,</span> <span class='ocrx_word' id='word_1_128' title='bbox 740 1154 782 1182; x_wconf 85' lang='lat' dir='ltr'>ut</span> <span class='ocrx_word' id='word_1_129' title='bbox 813 1145 933 1182; x_wconf 84' lang='lat' dir='ltr'>instar</span> <span class='ocrx_word' id='word_1_130' title='bbox 969 1143 1180 1183; x_wconf 85' lang='lat' dir='ltr'>multorum</span> <span class='ocrx_word' id='word_1_131' title='bbox 1219 1142 1357 1181; x_wconf 84' lang='lat' dir='ltr'>haberi</span> <span class='ocrx_word' id='word_1_132' title='bbox 1388 1144 1559 1197; x_wconf 87' lang='lat' dir='ltr'>possint,</span> <span class='ocrx_word' id='word_1_133' title='bbox 1591 1142 1665 1181; x_wconf 89' lang='lat' dir='ltr'>alia</span> <span class='ocrx_word' id='word_1_134' title='bbox 1704 1144 1754 1183; x_wconf 92' lang='lat' dir='ltr'>ob</span> <span class='ocrx_word' id='word_1_135' title='bbox 1790 1142 1902 1182; x_wconf 83' lang='lat' dir='ltr'>aliam</span> <span class='ocrx_word' id='word_1_136' title='bbox 1943 1157 2097 1182; x_wconf 89' lang='lat' dir='ltr'>causam</span> 
     </span>
     <span class='ocr_line' id='line_1_14' title="bbox 240 1211 1690 1268; baseline 0.001 -17"><span class='ocrx_word' id='word_1_137' title='bbox 240 1215 343 1252; x_wconf 79' lang='lat' dir='ltr'>infra</span> <span class='ocrx_word' id='word_1_138' title='bbox 375 1215 586 1267; x_wconf 82' lang='lat' dir='ltr'>proferam.</span> <span class='ocrx_word' id='word_1_139' title='bbox 648 1215 712 1253; x_wconf 90' lang='lat' dir='ltr'>Sic</span> <span class='ocrx_word' id='word_1_140' title='bbox 744 1214 788 1254; x_wconf 85' lang='lat' dir='ltr'>ll.</span> <span class='ocrx_word' id='word_1_141' title='bbox 820 1211 886 1260; x_wconf 73' lang='lat'>14,</span> <span class='ocrx_word' id='word_1_142' title='bbox 918 1215 1002 1254; x_wconf 82' lang='lat'>290</span> <span class='ocrx_word' id='word_1_143' title='bbox 1032 1229 1092 1268; x_wconf 88' lang='lat' dir='ltr'>sq.</span> <span class='ocrx_word' id='word_1_144' title='bbox 1152 1214 1317 1253; x_wconf 89' lang='lat' dir='ltr'>Somnus</span> <span class='ocrx_word' id='word_1_145' title='bbox 1347 1215 1388 1251; x_wconf 91' lang='lat' dir='ltr'>in</span> <span class='ocrx_word' id='word_1_146' title='bbox 1418 1214 1547 1252; x_wconf 88' lang='lat' dir='ltr'>abiete</span> <span class='ocrx_word' id='word_1_147' title='bbox 1579 1213 1690 1252; x_wconf 89' lang='lat' dir='ltr'>sedet</span> 
     </span>
    </p>

    <p class='ocr_par' dir='ltr' id='par_1_3' title="bbox 559 1280 1545 1338">
     <span class='ocr_line' id='line_1_15' title="bbox 559 1280 1545 1338; baseline 0 -17"><span class='ocrx_word' id='word_1_148' title='bbox 559 1281 701 1336; x_wconf 84' lang='grc' dir='ltr'><strong><em>ὄρνιθι</em></strong></span> <span class='ocrx_word' id='word_1_149' title='bbox 731 1285 876 1338; x_wconf 72' lang='grc' dir='ltr'><strong><em>λιγυρῇ</em></strong></span> <span class='ocrx_word' id='word_1_150' title='bbox 907 1283 1149 1336; x_wconf 74' lang='grc' dir='ltr'><strong><em>ἐναλίγκιος,</em></strong></span> <span class='ocrx_word' id='word_1_151' title='bbox 1180 1281 1269 1328; x_wconf 70' lang='grc' dir='ltr'><strong><em>ἧντ’</em></strong></span> <span class='ocrx_word' id='word_1_152' title='bbox 1296 1285 1339 1321; x_wconf 81' lang='grc' dir='ltr'>ἐν</span> <span class='ocrx_word' id='word_1_153' title='bbox 1371 1280 1545 1334; x_wconf 79' lang='grc' dir='ltr'><strong><em>ὄρεσσιν</em></strong></span> 
     </span>
    </p>

    <p class='ocr_par' dir='ltr' id='par_1_4' title="bbox 234 1348 2093 1690">
     <span class='ocr_line' id='line_1_16' title="bbox 553 1348 1673 1407; baseline -0.001 -16"><span class='ocrx_word' id='word_1_154' title='bbox 553 1349 749 1407; x_wconf 81' lang='grc' dir='ltr'><em>χαλκίδα</em></span> <span class='ocrx_word' id='word_1_155' title='bbox 779 1354 1055 1399; x_wconf 83' lang='grc' dir='ltr'><strong><em>κικλήσκουσι</em></strong></span> <span class='ocrx_word' id='word_1_156' title='bbox 1086 1352 1195 1405; x_wconf 86' lang='grc' dir='ltr'><strong><em>θεοί,</em></strong></span> <span class='ocrx_word' id='word_1_157' title='bbox 1223 1349 1369 1405; x_wconf 78' lang='grc' dir='ltr'><strong><em>ἄνδρες</em></strong></span> <span class='ocrx_word' id='word_1_158' title='bbox 1389 1348 1434 1391; x_wconf 80' lang='grc' dir='ltr'>δὲ</span> <span class='ocrx_word' id='word_1_159' title='bbox 1464 1349 1673 1404; x_wconf 76' lang='grc' dir='ltr'><strong><em>κύμινδιν.</em></strong></span> 
     </span>
     <span class='ocr_line' id='line_1_17' title="bbox 239 1422 2090 1478; baseline 0 -16"><span class='ocrx_word' id='word_1_160' title='bbox 239 1426 425 1474; x_wconf 83' lang='lat' dir='ltr'>Quisnam</span> <span class='ocrx_word' id='word_1_161' title='bbox 455 1423 751 1463; x_wconf 85' lang='lat' dir='ltr'>similitudinem</span> <span class='ocrx_word' id='word_1_162' title='bbox 781 1435 963 1478; x_wconf 88' lang='lat' dir='ltr'>agnoscat</span> <span class='ocrx_word' id='word_1_163' title='bbox 998 1426 1038 1462; x_wconf 89' lang='lat' dir='ltr'>in</span> <span class='ocrx_word' id='word_1_164' title='bbox 1082 1425 1155 1463; x_wconf 84' lang='lat' dir='ltr'>hac</span> <span class='ocrx_word' id='word_1_165' title='bbox 1198 1423 1522 1477; x_wconf 84' lang='lat' dir='ltr'>comparatione!</span> <span class='ocrx_word' id='word_1_166' title='bbox 1591 1422 1738 1462; x_wconf 80' lang='lat' dir='ltr'>Addita</span> <span class='ocrx_word' id='word_1_167' title='bbox 1768 1425 1962 1475; x_wconf 65' lang='lat' dir='ltr'>sententia</span> <span class='ocrx_word' id='word_1_168' title='bbox 1991 1424 2090 1463; x_wconf 86' lang='lat' dir='ltr'>nihil</span> 
     </span>
     <span class='ocr_line' id='line_1_18' title="bbox 234 1493 2089 1548; baseline 0.002 -17"><span class='ocrx_word' id='word_1_169' title='bbox 234 1505 393 1548; x_wconf 83' lang='lat' dir='ltr'>praeter</span> <span class='ocrx_word' id='word_1_170' title='bbox 422 1508 567 1533; x_wconf 87' lang='lat' dir='ltr'>nomen</span> <span class='ocrx_word' id='word_1_171' title='bbox 615 1496 691 1533; x_wconf 88' lang='lat' dir='ltr'>avis</span> <span class='ocrx_word' id='word_1_172' title='bbox 723 1494 846 1548; x_wconf 88' lang='lat' dir='ltr'>idque</span> <span class='ocrx_word' id='word_1_173' title='bbox 877 1494 1026 1548; x_wconf 82' lang='lat' dir='ltr'>duplex</span> <span class='ocrx_word' id='word_1_174' title='bbox 1057 1493 1216 1533; x_wconf 81' lang='lat' dir='ltr'>affertur</span> <span class='ocrx_word' id='word_1_175' title='bbox 1242 1494 1400 1548; x_wconf 89' lang='lat' dir='ltr'>quicum</span> <span class='ocrx_word' id='word_1_176' title='bbox 1427 1493 1522 1532; x_wconf 89' lang='lat' dir='ltr'>deus</span> <span class='ocrx_word' id='word_1_177' title='bbox 1562 1493 1791 1548; x_wconf 88' lang='lat' dir='ltr'>simpliciter</span> <span class='ocrx_word' id='word_1_178' title='bbox 1830 1505 2089 1548; x_wconf 84' lang='lat' dir='ltr'>comparatur.</span> 
     </span>
     <span class='ocr_line' id='line_1_19' title="bbox 238 1560 2093 1620; baseline 0.001 -16"><span class='ocrx_word' id='word_1_179' title='bbox 238 1566 392 1605; x_wconf 90' lang='lat' dir='ltr'>Eodem</span> <span class='ocrx_word' id='word_1_180' title='bbox 435 1566 524 1606; x_wconf 88' lang='lat' dir='ltr'>loco</span> <span class='ocrx_word' id='word_1_181' title='bbox 566 1565 754 1620; x_wconf 89' lang='lat' dir='ltr'>ponenda</span> <span class='ocrx_word' id='word_1_182' title='bbox 795 1576 851 1604; x_wconf 87' lang='lat' dir='ltr'>est</span> <span class='ocrx_word' id='word_1_183' title='bbox 890 1566 1141 1619; x_wconf 87' lang='lat' dir='ltr'>comparatio,</span> <span class='ocrx_word' id='word_1_184' title='bbox 1172 1579 1271 1618; x_wconf 85' lang='lat' dir='ltr'>quae</span> <span class='ocrx_word' id='word_1_185' title='bbox 1301 1560 1445 1617; x_wconf 76' lang='lat' dir='ltr'>legitur</span> <span class='ocrx_word' id='word_1_186' title='bbox 1483 1564 1530 1605; x_wconf 91' lang='lat' dir='ltr'>Il.</span> <span class='ocrx_word' id='word_1_187' title='bbox 1565 1565 1631 1612; x_wconf 89' lang='lat'>17,</span> <span class='ocrx_word' id='word_1_188' title='bbox 1660 1564 1754 1611; x_wconf 85' lang='lat'><strong>156,</strong></span> <span class='ocrx_word' id='word_1_189' title='bbox 1798 1565 1867 1604; x_wconf 89' lang='lat' dir='ltr'>ubi</span> <span class='ocrx_word' id='word_1_190' title='bbox 1898 1566 2093 1605; x_wconf 86' lang='lat' dir='ltr'>enuntiato</span> 
     </span>
     <span class='ocr_line' id='line_1_20' title="bbox 237 1636 1768 1690; baseline 0 -15"><span class='ocrx_word' id='word_1_191' title='bbox 237 1638 401 1677; x_wconf 87' lang='lat' dir='ltr'>relativo</span> <span class='ocrx_word' id='word_1_192' title='bbox 426 1640 576 1690; x_wconf 86' lang='lat' dir='ltr'>patriae</span> <span class='ocrx_word' id='word_1_193' title='bbox 610 1637 842 1675; x_wconf 80' lang='lat' dir='ltr'>defensores</span> <span class='ocrx_word' id='word_1_194' title='bbox 874 1636 1053 1689; x_wconf 86' lang='lat' dir='ltr'>pluribus</span> <span class='ocrx_word' id='word_1_195' title='bbox 1084 1637 1216 1674; x_wconf 86' lang='lat' dir='ltr'>verbis</span> <span class='ocrx_word' id='word_1_196' title='bbox 1248 1636 1491 1690; x_wconf 82' lang='lat' dir='ltr'>explicantur</span> <span class='ocrx_word' id='word_1_197' title='bbox 1520 1637 1596 1674; x_wconf 89' lang='lat' dir='ltr'>hoc</span> <span class='ocrx_word' id='word_1_198' title='bbox 1627 1636 1768 1675; x_wconf 87' lang='lat' dir='ltr'>modo:</span> 
     </span>
    </p>

    <p class='ocr_par' dir='ltr' id='par_1_5' title="bbox 553 1703 1633 1761">
     <span class='ocr_line' id='line_1_21' title="bbox 553 1703 1633 1761; baseline -0.001 -17"><span class='ocrx_word' id='word_1_199' title='bbox 553 1706 590 1744; x_wconf 85' lang='grc' dir='ltr'>εἰ</span> <span class='ocrx_word' id='word_1_200' title='bbox 621 1705 699 1761; x_wconf 79' lang='grc' dir='ltr'><strong><em>γὰρ</em></strong></span> <span class='ocrx_word' id='word_1_201' title='bbox 727 1706 804 1745; x_wconf 74' lang='grc' dir='ltr'>νῦν</span> <span class='ocrx_word' id='word_1_202' title='bbox 834 1704 1027 1760; x_wconf 76' lang='grc' dir='ltr'><strong><em>Τρώεσσι</em></strong></span> <span class='ocrx_word' id='word_1_203' title='bbox 1057 1705 1180 1756; x_wconf 77' lang='grc' dir='ltr'><strong><em>μένος</em></strong></span> <span class='ocrx_word' id='word_1_204' title='bbox 1210 1705 1485 1759; x_wconf 84' lang='grc' dir='ltr'><strong><em>πολυθαρσὲς</em></strong></span> <span class='ocrx_word' id='word_1_205' title='bbox 1515 1703 1633 1752; x_wconf 84' lang='grc' dir='ltr'><strong><em>ἐνείη,</em></strong></span> 
     </span>
    </p>

    <p class='ocr_par' dir='ltr' id='par_1_6' title="bbox 552 1770 1815 1832">
     <span class='ocr_line' id='line_1_22' title="bbox 552 1770 1815 1832; baseline 0.001 -18"><span class='ocrx_word' id='word_1_206' title='bbox 552 1773 757 1831; x_wconf 77' lang='grc' dir='ltr'><strong><em>ἄτρομον,</em></strong></span> <span class='ocrx_word' id='word_1_207' title='bbox 791 1771 885 1815; x_wconf 85' lang='grc' dir='ltr'><strong><em>οἶόν</em></strong></span> <span class='ocrx_word' id='word_1_208' title='bbox 918 1773 957 1814; x_wconf 87' lang='grc' dir='ltr'>τ’</span> <span class='ocrx_word' id='word_1_209' title='bbox 996 1770 1155 1829; x_wconf 79' lang='grc' dir='ltr'><strong><em>ἄνδρας</em></strong></span> <span class='ocrx_word' id='word_1_210' title='bbox 1197 1774 1429 1831; x_wconf 81' lang='grc' dir='ltr'><strong><em>ε’ςέρχεται,</em></strong></span> <span class='ocrx_word' id='word_1_211' title='bbox 1458 1772 1500 1816; x_wconf 88' lang='grc' dir='ltr'>οἳ</span> <span class='ocrx_word' id='word_1_212' title='bbox 1529 1774 1623 1832; x_wconf 86' lang='grc' dir='ltr'><strong><em>περὶ</em></strong></span> <span class='ocrx_word' id='word_1_213' title='bbox 1653 1772 1815 1831; x_wconf 82' lang='grc' dir='ltr'><strong><em>ποίτρης</em></strong></span> 
     </span>
    </p>

    <p class='ocr_par' dir='ltr' id='par_1_7' title="bbox 555 1842 1642 1901">
     <span class='ocr_line' id='line_1_23' title="bbox 555 1842 1642 1901; baseline -0.001 -16"><span class='ocrx_word' id='word_1_214' title='bbox 555 1844 744 1901; x_wconf 85' lang='grc' dir='ltr'><strong><em>α’νδράσι</em></strong></span> <span class='ocrx_word' id='word_1_215' title='bbox 770 1843 1042 1897; x_wconf 84' lang='grc' dir='ltr'><strong><em>δυςμενέεσσι</em></strong></span> <span class='ocrx_word' id='word_1_216' title='bbox 1072 1845 1203 1885; x_wconf 89' lang='grc' dir='ltr'><strong><em>πόνον</em></strong></span> <span class='ocrx_word' id='word_1_217' title='bbox 1232 1845 1305 1884; x_wconf 87' lang='grc' dir='ltr'>καὶ</span> <span class='ocrx_word' id='word_1_218' title='bbox 1335 1842 1452 1900; x_wconf 84' lang='grc' dir='ltr'><strong><em>δῆριν</em></strong></span> <span class='ocrx_word' id='word_1_219' title='bbox 1483 1843 1642 1892; x_wconf 80' lang='grc' dir='ltr'><strong><em>ἔθεντο,</em></strong></span> 
     </span>
    </p>

    <p class='ocr_par' dir='ltr' id='par_1_8' title="bbox 239 1912 2105 2113">
     <span class='ocr_line' id='line_1_24' title="bbox 556 1912 2105 1971; baseline -0.002 -15"><span class='ocrx_word' id='word_1_220' title='bbox 556 1913 671 1969; x_wconf 76' lang='grc' dir='ltr'><strong><em>αἶψά</em></strong></span> <span class='ocrx_word' id='word_1_221' title='bbox 700 1931 743 1956; x_wconf 85' lang='grc' dir='ltr'>κε</span> <span class='ocrx_word' id='word_1_222' title='bbox 769 1916 1024 1971; x_wconf 83' lang='grc' dir='ltr'><strong><em>Πάτροκλον</em></strong></span> <span class='ocrx_word' id='word_1_223' title='bbox 1047 1913 1319 1971; x_wconf 79' lang='grc' dir='ltr'><strong><em>ἐρυσαίμεθα</em></strong></span> <span class='ocrx_word' id='word_1_224' title='bbox 1341 1912 1474 1956; x_wconf 88' lang='grc' dir='ltr'><strong><em>Ἴλιον</em></strong></span> <span class='ocrx_word' id='word_1_225' title='bbox 1493 1917 1603 1955; x_wconf 83' lang='grc' dir='ltr'><strong><em>εἴσω.</em></strong></span> <span class='ocrx_word' id='word_1_226' title='bbox 2102 1957 2105 1961; x_wconf 21' lang='grc' dir='ltr'><strong>Δ</strong></span> 
     </span>
     <span class='ocr_line' id='line_1_25' title="bbox 239 1976 2094 2041; baseline -0.001 -13"><span class='ocrx_word' id='word_1_227' title='bbox 239 1990 290 2028; x_wconf 85' lang='lat' dir='ltr'>cf.</span> <span class='ocrx_word' id='word_1_228' title='bbox 314 1990 358 2028; x_wconf 88' lang='lat' dir='ltr'>ll.</span> <span class='ocrx_word' id='word_1_229' title='bbox 390 1992 428 2037; x_wconf 90' lang='lat'>2,</span> <span class='ocrx_word' id='word_1_230' title='bbox 461 1991 567 2039; x_wconf 81' lang='lat'><strong>3373</strong></span> <span class='ocrx_word' id='word_1_231' title='bbox 593 1976 633 2036; x_wconf 69' lang='grc'>3,</span> <span class='ocrx_word' id='word_1_232' title='bbox 669 1990 773 2038; x_wconf 80' lang='lat'>1503</span> <span class='ocrx_word' id='word_1_233' title='bbox 805 1993 843 2035; x_wconf 91' lang='lat'>7,</span> <span class='ocrx_word' id='word_1_234' title='bbox 876 1989 969 2029; x_wconf 78' lang='lat'><strong>235.</strong></span> <span class='ocrx_word' id='word_1_235' title='bbox 1029 1988 1149 2027; x_wconf 90' lang='lat' dir='ltr'>Paulo</span> <span class='ocrx_word' id='word_1_236' title='bbox 1193 1988 1304 2027; x_wconf 86' lang='lat' dir='ltr'>aliter</span> <span class='ocrx_word' id='word_1_237' title='bbox 1346 2002 1388 2026; x_wconf 94' lang='lat' dir='ltr'>se</span> <span class='ocrx_word' id='word_1_238' title='bbox 1426 1988 1573 2027; x_wconf 88' lang='lat' dir='ltr'>habent</span> <span class='ocrx_word' id='word_1_239' title='bbox 1612 1986 1802 2041; x_wconf 87' lang='lat' dir='ltr'>exempla,</span> <span class='ocrx_word' id='word_1_240' title='bbox 1840 1986 1955 2041; x_wconf 87' lang='lat' dir='ltr'>quale</span> <span class='ocrx_word' id='word_1_241' title='bbox 1992 1986 2094 2027; x_wconf 90' lang='lat' dir='ltr'>illud</span> 
     </span>
     <span class='ocr_line' id='line_1_26' title="bbox 239 2059 1347 2113; baseline -0.002 -15"><span class='ocrx_word' id='word_1_242' title='bbox 239 2072 302 2099; x_wconf 90' lang='lat' dir='ltr'>est</span> <span class='ocrx_word' id='word_1_243' title='bbox 330 2061 376 2097; x_wconf 88' lang='lat' dir='ltr'>Il.</span> <span class='ocrx_word' id='word_1_244' title='bbox 403 2062 472 2106; x_wconf 91' lang='lat'>21,</span> <span class='ocrx_word' id='word_1_245' title='bbox 505 2062 601 2103; x_wconf 86' lang='lat'><strong>252,</strong></span> <span class='ocrx_word' id='word_1_246' title='bbox 632 2060 701 2096; x_wconf 87' lang='lat' dir='ltr'>ubi</span> <span class='ocrx_word' id='word_1_247' title='bbox 730 2059 907 2097; x_wconf 89' lang='lat' dir='ltr'>Achilles</span> <span class='ocrx_word' id='word_1_248' title='bbox 939 2059 1037 2096; x_wconf 89' lang='lat' dir='ltr'>saltu</span> <span class='ocrx_word' id='word_1_249' title='bbox 1070 2060 1160 2097; x_wconf 88' lang='lat' dir='ltr'>dato</span> <span class='ocrx_word' id='word_1_250' title='bbox 1191 2062 1347 2113; x_wconf 83' lang='lat' dir='ltr'>refugit,</span> 
     </span>
    </p>

    <p class='ocr_par' dir='ltr' id='par_1_9' title="bbox 553 2123 1618 2184">
     <span class='ocr_line' id='line_1_27' title="bbox 553 2123 1618 2184; baseline 0.001 -18"><span class='ocrx_word' id='word_1_251' title='bbox 553 2128 701 2167; x_wconf 82' lang='grc' dir='ltr'><strong><em>αἰετοῦ</em></strong></span> <span class='ocrx_word' id='word_1_252' title='bbox 727 2129 871 2180; x_wconf 81' lang='grc' dir='ltr'><strong><em>οἴματ’</em></strong></span> <span class='ocrx_word' id='word_1_253' title='bbox 904 2123 1011 2182; x_wconf 84' lang='grc' dir='ltr'><strong><em>’έχων</em></strong></span> <span class='ocrx_word' id='word_1_254' title='bbox 1041 2125 1236 2184; x_wconf 82' lang='grc' dir='ltr'><strong><em>μέλανος,</em></strong></span> <span class='ocrx_word' id='word_1_255' title='bbox 1261 2130 1343 2169; x_wconf 81' lang='grc' dir='ltr'>τοῦ</span> <span class='ocrx_word' id='word_1_256' title='bbox 1373 2129 1618 2183; x_wconf 84' lang='grc' dir='ltr'><strong><em>θηρητῆρος,</em></strong></span> 
     </span>
    </p>

    <p class='ocr_par' dir='ltr' id='par_1_10' title="bbox 233 2194 1710 2327">
     <span class='ocr_line' id='line_1_28' title="bbox 549 2194 1658 2252; baseline 0 -15"><span class='ocrx_word' id='word_1_257' title='bbox 549 2195 641 2245; x_wconf 82' lang='grc' dir='ltr'><strong><em>ὅςθ’</em></strong></span> <span class='ocrx_word' id='word_1_258' title='bbox 674 2194 769 2251; x_wconf 82' lang='grc' dir='ltr'>ἅμα</span> <span class='ocrx_word' id='word_1_259' title='bbox 797 2197 1030 2252; x_wconf 83' lang='grc' dir='ltr'><strong><em>κάρτιστός</em></strong></span> <span class='ocrx_word' id='word_1_260' title='bbox 1058 2213 1106 2239; x_wconf 90' lang='grc' dir='ltr'>τε</span> <span class='ocrx_word' id='word_1_261' title='bbox 1134 2199 1208 2239; x_wconf 89' lang='grc' dir='ltr'>καὶ</span> <span class='ocrx_word' id='word_1_262' title='bbox 1237 2197 1415 2245; x_wconf 77' lang='grc' dir='ltr'><strong><em>ὤκιστος</em></strong></span> <span class='ocrx_word' id='word_1_263' title='bbox 1441 2200 1658 2244; x_wconf 78' lang='grc' dir='ltr'><strong><em>πετεηνῶν.</em></strong></span> 
     </span>
     <span class='ocr_line' id='line_1_29' title="bbox 233 2271 1710 2327; baseline -0.001 -16"><span class='ocrx_word' id='word_1_264' title='bbox 233 2274 340 2311; x_wconf 87' lang='lat' dir='ltr'>Tum</span> <span class='ocrx_word' id='word_1_265' title='bbox 371 2272 480 2327; x_wconf 87' lang='lat' dir='ltr'>quod</span> <span class='ocrx_word' id='word_1_266' title='bbox 512 2283 573 2311; x_wconf 88' lang='lat' dir='ltr'>est</span> <span class='ocrx_word' id='word_1_267' title='bbox 597 2272 641 2310; x_wconf 90' lang='lat' dir='ltr'>Il.</span> <span class='ocrx_word' id='word_1_268' title='bbox 674 2273 743 2318; x_wconf 89' lang='lat'>22,</span> <span class='ocrx_word' id='word_1_269' title='bbox 774 2273 869 2312; x_wconf 88' lang='lat'><strong>317.</strong></span> <span class='ocrx_word' id='word_1_270' title='bbox 928 2272 962 2309; x_wconf 89' lang='lat' dir='ltr'><strong>A</strong></span> <span class='ocrx_word' id='word_1_271' title='bbox 993 2272 1154 2325; x_wconf 89' lang='lat' dir='ltr'>cuspide</span> <span class='ocrx_word' id='word_1_272' title='bbox 1183 2273 1345 2312; x_wconf 82' lang='lat' dir='ltr'>Achillis</span> <span class='ocrx_word' id='word_1_273' title='bbox 1375 2271 1504 2324; x_wconf 79' lang='lat' dir='ltr'>fulgor</span> <span class='ocrx_word' id='word_1_274' title='bbox 1533 2272 1710 2317; x_wconf 87' lang='lat' dir='ltr'>micabat,</span> 
     </span>
    </p>

    <p class='ocr_par' dir='ltr' id='par_1_11' title="bbox 546 2336 1731 2399">
     <span class='ocr_line' id='line_1_30' title="bbox 546 2336 1731 2399; baseline -0.002 -18"><span class='ocrx_word' id='word_1_275' title='bbox 546 2337 633 2387; x_wconf 83' lang='grc' dir='ltr'><strong><em>οἶος</em></strong></span> <span class='ocrx_word' id='word_1_276' title='bbox 666 2337 707 2381; x_wconf 83' lang='grc' dir='ltr'>δ’</span> <span class='ocrx_word' id='word_1_277' title='bbox 737 2338 877 2396; x_wconf 75' lang='grc' dir='ltr'><strong><em>α’στηρ</em></strong></span> <span class='ocrx_word' id='word_1_278' title='bbox 906 2336 992 2380; x_wconf 86' lang='grc' dir='ltr'><strong><em>εἶσι</em></strong></span> <span class='ocrx_word' id='word_1_279' title='bbox 1021 2342 1115 2394; x_wconf 86' lang='grc' dir='ltr'><strong><em>μετ’</em></strong></span> <span class='ocrx_word' id='word_1_280' title='bbox 1146 2340 1343 2399; x_wconf 84' lang='grc' dir='ltr'><strong><em>α’στροίσι</em></strong></span> <span class='ocrx_word' id='word_1_281' title='bbox 1372 2339 1523 2386; x_wconf 85' lang='grc' dir='ltr'><strong><em>νυκτὸς</em></strong></span> <span class='ocrx_word' id='word_1_282' title='bbox 1548 2338 1731 2395; x_wconf 75' lang='grc' dir='ltr'><strong><em>α’μολγῷ,</em></strong></span> 
     </span>
    </p>

    <p class='ocr_par' dir='ltr' id='par_1_12' title="bbox 234 2410 2094 2603">
     <span class='ocr_line' id='line_1_31' title="bbox 546 2410 1726 2468; baseline -0.003 -15"><span class='ocrx_word' id='word_1_283' title='bbox 546 2410 732 2466; x_wconf 83' lang='grc' dir='ltr'><strong><em>ἕσπερος,</em></strong></span> <span class='ocrx_word' id='word_1_284' title='bbox 756 2410 800 2457; x_wconf 86' lang='grc' dir='ltr'>ὃς</span> <span class='ocrx_word' id='word_1_285' title='bbox 829 2412 1063 2457; x_wconf 85' lang='grc' dir='ltr'><strong><em>κάλλιστος</em></strong></span> <span class='ocrx_word' id='word_1_286' title='bbox 1094 2412 1137 2452; x_wconf 83' lang='grc' dir='ltr'>ἐν</span> <span class='ocrx_word' id='word_1_287' title='bbox 1168 2414 1332 2468; x_wconf 73' lang='grc' dir='ltr'><strong><em>οὐρανῷ</em></strong></span> <span class='ocrx_word' id='word_1_288' title='bbox 1360 2413 1546 2452; x_wconf 80' lang='grc' dir='ltr'><strong><em>ἵσταται</em></strong></span> <span class='ocrx_word' id='word_1_289' title='bbox 1576 2410 1726 2465; x_wconf 74' lang='grc' dir='ltr'><strong><em>α’στήρ.</em></strong></span> 
     </span>
     <span class='ocr_line' id='line_1_32' title="bbox 235 2481 2094 2539; baseline -0.003 -15"><span class='ocrx_word' id='word_1_290' title='bbox 235 2486 386 2525; x_wconf 91' lang='lat' dir='ltr'>Similia</span> <span class='ocrx_word' id='word_1_291' title='bbox 421 2487 546 2525; x_wconf 86' lang='lat' dir='ltr'>habes</span> <span class='ocrx_word' id='word_1_292' title='bbox 583 2485 630 2526; x_wconf 91' lang='lat' dir='ltr'>Il.</span> <span class='ocrx_word' id='word_1_293' title='bbox 687 2487 749 2531; x_wconf 86' lang='lat'>17,</span> <span class='ocrx_word' id='word_1_294' title='bbox 797 2483 907 2530; x_wconf 77' lang='grc'><strong><em>434,</em></strong></span> <span class='ocrx_word' id='word_1_295' title='bbox 945 2485 1011 2522; x_wconf 87' lang='lat' dir='ltr'>ubi</span> <span class='ocrx_word' id='word_1_296' title='bbox 1051 2485 1216 2525; x_wconf 81' lang='lat' dir='ltr'>Achillis</span> <span class='ocrx_word' id='word_1_297' title='bbox 1260 2486 1353 2539; x_wconf 89' lang='lat' dir='ltr'>equi</span> <span class='ocrx_word' id='word_1_298' title='bbox 1395 2484 1545 2523; x_wconf 88' lang='lat' dir='ltr'>immoti</span> <span class='ocrx_word' id='word_1_299' title='bbox 1581 2482 1733 2523; x_wconf 82' lang='lat' dir='ltr'>adstant</span> <span class='ocrx_word' id='word_1_300' title='bbox 1766 2483 1865 2522; x_wconf 84' lang='lat' dir='ltr'>sicut</span> <span class='ocrx_word' id='word_1_301' title='bbox 1913 2481 2094 2521; x_wconf 88' lang='lat' dir='ltr'>columna</span> 
     </span>
     <span class='ocr_line' id='line_1_33' title="bbox 234 2553 2091 2603; baseline -0.001 -9"><span class='ocrx_word' id='word_1_302' title='bbox 234 2557 280 2595; x_wconf 89' lang='lat' dir='ltr'>in</span> <span class='ocrx_word' id='word_1_303' title='bbox 310 2557 458 2596; x_wconf 88' lang='lat' dir='ltr'>tumulo</span> <span class='ocrx_word' id='word_1_304' title='bbox 491 2557 622 2597; x_wconf 85' lang='lat' dir='ltr'>divitis</span> <span class='ocrx_word' id='word_1_305' title='bbox 653 2555 809 2596; x_wconf 85' lang='lat' dir='ltr'>viri-vel</span> <span class='ocrx_word' id='word_1_306' title='bbox 839 2555 1005 2595; x_wconf 79' lang='lat' dir='ltr'>feminae</span> <span class='ocrx_word' id='word_1_307' title='bbox 1038 2567 1242 2596; x_wconf 83' lang='lat' dir='ltr'>exstructa.</span> <span class='ocrx_word' id='word_1_308' title='bbox 1276 2556 1335 2596; x_wconf 89' lang='lat' dir='ltr'>Cf.</span> <span class='ocrx_word' id='word_1_309' title='bbox 1396 2555 1439 2596; x_wconf 90' lang='lat' dir='ltr'>Il.</span> <span class='ocrx_word' id='word_1_310' title='bbox 1477 2556 1632 2603; x_wconf 78' lang='lat'><strong>11,27;</strong></span> <span class='ocrx_word' id='word_1_311' title='bbox 1660 2553 1737 2596; x_wconf 88' lang='lat' dir='ltr'>Od.</span> <span class='ocrx_word' id='word_1_312' title='bbox 1766 2556 1806 2602; x_wconf 88' lang='lat'>9,</span> <span class='ocrx_word' id='word_1_313' title='bbox 1830 2553 1921 2595; x_wconf 86' lang='grc'>190.</span> <span class='ocrx_word' id='word_1_314' title='bbox 1982 2553 2091 2601; x_wconf 78' lang='lat' dir='ltr'>Quae</span> 
     </span>
    </p>
   </div>
  </div>
 </body>
</html>
