2360 3051
989 787 1252 832 caput
1299 786 1340 822 1.

628 904 690 944 Dc
718 904 943 959 generibus
972 904 1340 960 comparationum
1369 903 1699 945 Homericamm.

357 1204 569 1253 Postquam
610 1201 933 1238 commentatione
973 1200 1052 1246 illa,
1092 1215 1193 1253 quae
1229 1201 1458 1238 Marcoduri
1489 1211 1575 1238 ante
1605 1201 1678 1239 hos
1709 1211 1788 1237 tres
1821 1214 1939 1238 annos
1978 1216 1998 1237 a
2028 1215 2089 1238 me

243 1271 388 1324 scripta
416 1269 586 1324 prodiit,
625 1269 666 1307 id
708 1271 950 1323 potissimum
984 1272 1064 1324 egi,
1094 1281 1136 1308 ut
1163 1273 1386 1324 praeceptis
1423 1282 1597 1310 veterum
1629 1271 1788 1309 dicendi
1814 1273 2090 1323 magistrorum

245 1340 382 1379 ductus
413 1350 450 1378 et
479 1350 655 1377 naturam
680 1340 1009 1393 comparationum
1040 1340 1214 1392 finesque
1241 1342 1452 1379 accuratius
1475 1341 1692 1387 definirem,
1726 1352 1763 1379 et
1784 1342 2091 1393 comparationes

247 1411 470 1464 ubicunque
519 1410 684 1448 laterent
724 1409 949 1463 indagarem
988 1411 1028 1447 in
1056 1409 1458 1465 disceptationemque
1497 1426 1688 1458 vocarem,
1733 1426 1829 1448 unus
1861 1413 1934 1449 iam
1968 1413 2088 1449 restat

240 1481 376 1527 locus,
426 1483 493 1534 qui
541 1492 598 1518 est
646 1480 695 1518 de
746 1481 953 1533 generibus
994 1482 1346 1534 comparationum,
1401 1482 1648 1528 tractandus,
1688 1493 1895 1535 antequam
1929 1482 1978 1519 ad
2007 1496 2093 1519 rem

240 1552 363 1605 ipsam
402 1551 544 1590 diutius
575 1552 734 1590 forsitan
773 1562 1044 1604 praeparatam
1072 1551 1317 1590 accedamus.
1378 1554 1478 1589 Tam
1506 1552 1582 1589 late
1620 1553 1723 1589 enim
1758 1553 2091 1604 comparationum

241 1636 399 1675 campus
445 1621 574 1660 multis
617 1622 792 1674 partibus
847 1632 978 1660 auctus
1028 1636 1133 1659 nunc
1180 1633 1308 1676 patet,
1357 1633 1401 1660 ut
1434 1637 1513 1661 non
1565 1623 1690 1661 minus
1742 1633 1909 1675 propter
1954 1637 2088 1661 earum

240 1689 543 1736 multitudinem,
590 1706 704 1743 quam
735 1693 961 1729 varietatem
992 1703 1097 1729 certa
1127 1692 1319 1744 quaedam
1349 1707 1492 1745 genera
1523 1691 1725 1730 statuenda
1758 1706 1842 1729 csse
1872 1691 2085 1739 videantur,

240 1761 382 1813 quibus
413 1760 561 1813 singula
592 1775 769 1813 quaeque
798 1761 970 1798 describi
1008 1761 1168 1812 possint.
1230 1761 1345 1807 Quod
1375 1775 1491 1813 quam
1521 1762 1569 1798 sit
1597 1762 1875 1805 necessarium,
1904 1759 2087 1797 facillime

241 1839 462 1882 cognoscet,
495 1831 563 1883 qui
592 1831 633 1867 in
666 1829 928 1868 examinandis
960 1839 999 1867 et
1027 1829 1274 1868 conferendis
1306 1829 1550 1869 diversorum
1568 1845 1755 1884 generum
1786 1830 2088 1882 comparationi-

237 1901 312 1938 bus
342 1900 409 1937 diu
439 1899 682 1953 multumque
714 1902 788 1944 erit
815 1910 998 1939 versatus.
1056 1901 1210 1938 Etenim
1241 1901 1465 1955 saepissime
1496 1901 1573 1940 hoc
1602 1901 1690 1939 fieri
1720 1900 1905 1946 videmus,
1921 1909 1963 1937 ut
1981 1899 2090 1954 quod

239 1972 282 2009 in
307 1985 385 2009 uno
418 1973 749 2025 comparationum
779 1986 925 2025 genere
955 1968 1243 2010 usitatissimum
1275 1973 1390 2026 eique
1420 1974 1628 2027 proprium
1650 1987 1734 2011 esse
1754 1971 1864 2018 solet,
1885 1972 1932 2008 ab
1963 1970 2085 2009 altero

239 2057 401 2096 prorsus
434 2043 642 2082 abhorreat
671 2055 708 2081 et
738 2044 800 2082 vix
831 2055 895 2082 aut
925 2058 1115 2096 nusquam
1155 2053 1345 2082 occurrat.
1404 2044 1540 2096 Itaque
1573 2045 1756 2096 quoniam
1793 2044 1905 2080 nobis
1937 2056 2085 2095 propo-

240 2114 356 2153 situm
382 2124 440 2153 est
474 2124 651 2154 naturam
691 2126 730 2154 et
758 2130 871 2154 usum
911 2115 1242 2168 comparationum
1272 2114 1568 2153 Homericarum
1601 2114 1836 2153 enucleatius
1876 2113 2084 2167 explicare,

239 2195 327 2223 ante
354 2186 483 2224 omnia
512 2185 596 2224 talis
629 2186 841 2240 descriptio
869 2185 1091 2240 quaerenda
1122 2196 1191 2232 est,
1221 2196 1260 2224 ut
1290 2200 1390 2239 quae
1420 2186 1601 2240 pluribus
1631 2185 1681 2224 ad
1710 2186 1814 2224 idem
1844 2200 1965 2237 genus
1994 2199 2085 2237 per-

239 2256 449 2293 tinentibus
498 2253 659 2309 propria
704 2255 1066 2302 animadvertimus,
1107 2269 1176 2294 suo
1216 2270 1396 2309 quaeque
1443 2257 1579 2310 generi
1632 2256 1826 2294 subiicere
1878 2255 2083 2307 possimus.

239 2327 369 2374 Quem
394 2326 444 2363 ad
474 2327 592 2364 finem
611 2342 732 2381 quum
762 2328 1009 2380 antiquorum
1039 2327 1243 2365 rhetorum
1272 2326 1486 2381 descriptio
1525 2328 1566 2364 in
1597 2337 1762 2380 quatuor
1792 2339 1935 2378 genera
1970 2324 2085 2363 ducta

239 2395 306 2433 illa
333 2396 495 2450 quidem
525 2398 572 2434 ab
611 2399 795 2436 interiore
834 2408 937 2444 nota,
977 2399 1004 2437 i.
1044 2412 1076 2438 e.
1109 2413 1130 2435 a
1161 2397 1312 2434 diversa
1358 2395 1613 2450 comparandi
1642 2397 1792 2434 ratione
1824 2393 1893 2443 (dc
1924 2408 2001 2447 qua
2034 2393 2082 2431 cs.

237 2466 378 2519 partic.
423 2468 472 2506 II.
504 2483 587 2521 cap.
616 2464 733 2520 VII.)‚
764 2484 905 2521 parum
930 2468 1103 2506 utilitatis
1145 2469 1193 2506 sit
1222 2467 1460 2520 praebitura,
1492 2468 1641 2520 quippe
1674 2480 1774 2519 quae
1806 2464 1925 2501 multo
1963 2465 2086 2501 maxi-

238 2550 342 2575 mam
372 2547 410 2576 et
439 2540 699 2591 gravissimam
725 2540 1025 2578 Homericarum
1051 2539 1383 2593 comparationum
1413 2538 1566 2590 copiam
1591 2551 1668 2574 uno
1697 2535 1921 2588 eodemque
1943 2548 2091 2587 genere

245 2607 549 2659 complectatur:
577 2620 642 2647 aut
670 2624 790 2662 genus
820 2611 897 2649 hoc
936 2611 1085 2664 parium
1117 2608 1230 2663 quod
1259 2618 1417 2647 vocatur
1457 2620 1589 2645 rursus
1627 2608 1668 2643 in
1698 2619 1796 2644 nova
1828 2619 1977 2660 genera
2010 2605 2090 2643 sive

1835 2679 1855 2713 1
